time;bid;ask;last;volume;time_msc;flags;volume_real
2024-10-31 12:54:03+00:00;35,73;35,74;35,73;400;1730379243247;sell;400,0
2024-10-31 12:54:04+00:00;35,73;35,74;35,73;100;1730379244983;sell;100,0
2024-10-31 12:54:11+00:00;35,72;35,74;35,73;100;1730379251164;both;100,0
2024-10-31 12:54:11+00:00;35,72;35,74;35,72;6700;1730379251164;sell;6700,0
2024-10-31 12:54:11+00:00;35,72;35,74;35,72;200;1730379251164;sell;200,0
2024-10-31 12:54:12+00:00;35,72;35,74;35,73;100;1730379252203;both;100,0
2024-10-31 12:54:12+00:00;35,72;35,73;35,72;100;1730379252665;sell;100,0
2024-10-31 12:54:12+00:00;35,72;35,73;35,72;100;1730379252868;sell;100,0
2024-10-31 12:54:14+00:00;35,72;35,73;35,72;500;1730379254340;sell;500,0
2024-10-31 12:54:15+00:00;35,72;35,73;35,72;800;1730379255733;sell;800,0
2024-10-31 12:54:16+00:00;35,72;35,73;35,72;1000;1730379256138;sell;1000,0
2024-10-31 12:54:18+00:00;35,72;35,73;35,73;400;1730379258604;buy;400,0
2024-10-31 12:54:19+00:00;35,72;35,73;35,72;400;1730379259342;sell;400,0
2024-10-31 12:54:20+00:00;35,72;35,73;35,72;100;1730379260475;sell;100,0
2024-10-31 12:54:23+00:00;35,72;35,73;35,72;200;1730379263249;sell;200,0
2024-10-31 12:54:24+00:00;35,72;35,73;35,73;100;1730379264236;buy;100,0
2024-10-31 12:54:25+00:00;35,72;35,73;35,72;400;1730379265471;sell;400,0
2024-10-31 12:54:27+00:00;35,72;35,73;35,73;200;1730379267289;buy;200,0
2024-10-31 12:54:32+00:00;35,72;35,73;35,72;100;1730379272125;sell;100,0
2024-10-31 12:54:33+00:00;35,72;35,73;35,72;400;1730379273473;sell;400,0
2024-10-31 12:54:39+00:00;35,72;35,73;35,73;100;1730379279661;buy;100,0
2024-10-31 12:54:41+00:00;35,72;35,73;35,72;400;1730379281098;sell;400,0
2024-10-31 12:54:46+00:00;35,72;35,73;35,72;100;1730379286723;sell;100,0
2024-10-31 12:54:47+00:00;35,72;35,73;35,72;400;1730379287248;sell;400,0
2024-10-31 12:54:51+00:00;35,72;35,73;35,72;100;1730379291717;sell;100,0
2024-10-31 12:54:53+00:00;35,72;35,73;35,72;400;1730379293597;sell;400,0
2024-10-31 12:54:57+00:00;35,72;35,73;35,73;100;1730379297106;buy;100,0
2024-10-31 12:54:57+00:00;35,72;35,73;35,73;4800;1730379297106;buy;4800,0
2024-10-31 12:54:57+00:00;35,72;35,73;35,72;200;1730379297422;sell;200,0
2024-10-31 12:54:57+00:00;35,72;35,73;35,73;100;1730379297900;buy;100,0
2024-10-31 12:54:58+00:00;35,72;35,73;35,73;100;1730379298456;buy;100,0
2024-10-31 12:54:58+00:00;35,72;35,73;35,74;2900;1730379298456;buy;2900,0
2024-10-31 12:54:58+00:00;35,72;35,73;35,73;300;1730379298465;buy;300,0
2024-10-31 12:54:59+00:00;35,72;35,74;35,73;100;1730379299246;both;100,0
2024-10-31 12:54:59+00:00;35,72;35,74;35,72;200;1730379299496;sell;200,0
2024-10-31 12:54:59+00:00;35,72;35,74;35,74;200;1730379299685;buy;200,0
2024-10-31 12:54:59+00:00;35,72;35,74;35,73;100;1730379299758;both;100,0
2024-10-31 12:54:59+00:00;35,72;35,74;35,74;2900;1730379299758;buy;2900,0
2024-10-31 12:55:01+00:00;35,72;35,74;35,73;100;1730379301124;both;100,0
2024-10-31 12:55:01+00:00;35,72;35,74;35,74;2900;1730379301124;buy;2900,0
2024-10-31 12:55:02+00:00;35,72;35,74;35,73;100;1730379302629;both;100,0
2024-10-31 12:55:02+00:00;35,72;35,74;35,74;5300;1730379302629;buy;5300,0
2024-10-31 12:55:03+00:00;35,72;35,74;35,74;3000;1730379303930;buy;3000,0
2024-10-31 12:55:05+00:00;35,72;35,75;35,75;3000;1730379305332;buy;3000,0
2024-10-31 12:55:05+00:00;35,72;35,75;35,75;100;1730379305455;buy;100,0
2024-10-31 12:55:06+00:00;35,72;35,75;35,75;100;1730379306169;buy;100,0
2024-10-31 12:55:06+00:00;35,72;35,75;35,75;3000;1730379306942;buy;3000,0
2024-10-31 12:55:08+00:00;35,73;35,75;35,75;3000;1730379308360;buy;3000,0
2024-10-31 12:55:08+00:00;35,73;35,75;35,75;12200;1730379308361;buy;12200,0
2024-10-31 12:55:08+00:00;35,73;35,75;35,75;1700;1730379308467;buy;1700,0
2024-10-31 12:55:21+00:00;35,74;35,75;35,74;100;1730379321058;sell;100,0
2024-10-31 12:55:24+00:00;35,74;35,75;35,74;100;1730379324778;sell;100,0
2024-10-31 12:55:31+00:00;35,74;35,75;35,74;100;1730379331124;sell;100,0
2024-10-31 12:55:32+00:00;35,74;35,75;35,75;300;1730379332698;buy;300,0
2024-10-31 12:55:33+00:00;35,74;35,75;35,75;100;1730379333746;buy;100,0
2024-10-31 12:55:37+00:00;35,74;35,75;35,75;200;1730379337122;buy;200,0
2024-10-31 12:55:41+00:00;35,74;35,75;35,74;100;1730379341552;sell;100,0
2024-10-31 12:55:41+00:00;35,74;35,75;35,74;1000;1730379341851;sell;1000,0
2024-10-31 12:55:43+00:00;35,74;35,75;35,74;100;1730379343408;sell;100,0
2024-10-31 12:55:47+00:00;35,74;35,75;35,74;1200;1730379347463;sell;1200,0
2024-10-31 12:55:47+00:00;35,74;35,75;35,73;8800;1730379347463;sell;8800,0
2024-10-31 12:55:47+00:00;35,74;35,75;35,72;11400;1730379347463;sell;11400,0
2024-10-31 12:55:47+00:00;35,74;35,75;35,72;8600;1730379347463;sell;8600,0
2024-10-31 12:55:47+00:00;35,74;35,75;35,73;100;1730379347561;sell;100,0
2024-10-31 12:55:47+00:00;35,72;35,74;35,73;1100;1730379347881;both;1100,0
2024-10-31 12:55:48+00:00;35,72;35,74;35,74;100;1730379348090;buy;100,0
2024-10-31 12:55:48+00:00;35,73;35,75;35,75;100;1730379348674;buy;100,0
2024-10-31 12:55:51+00:00;35,73;35,75;35,73;100;1730379351052;sell;100,0
2024-10-31 12:55:54+00:00;35,73;35,75;35,73;100;1730379354476;sell;100,0
2024-10-31 12:55:57+00:00;35,73;35,74;35,73;300;1730379357158;sell;300,0
2024-10-31 12:55:57+00:00;35,73;35,74;35,74;400;1730379357160;buy;400,0
2024-10-31 12:55:57+00:00;35,73;35,74;35,74;100;1730379357160;buy;100,0
2024-10-31 12:55:59+00:00;35,73;35,74;35,73;500;1730379359229;sell;500,0
2024-10-31 12:56:02+00:00;35,73;35,74;35,73;100;1730379362769;sell;100,0
2024-10-31 12:56:03+00:00;35,73;35,74;35,74;100;1730379363148;buy;100,0
2024-10-31 12:56:03+00:00;35,73;35,74;35,74;100;1730379363925;buy;100,0
2024-10-31 12:56:06+00:00;35,73;35,74;35,74;4200;1730379366394;buy;4200,0
2024-10-31 12:56:06+00:00;35,73;35,74;35,75;200;1730379366449;buy;200,0
2024-10-31 12:56:06+00:00;35,73;35,74;35,75;200;1730379366475;buy;200,0
2024-10-31 12:56:10+00:00;35,75;35,76;35,75;100;1730379370641;sell;100,0
2024-10-31 12:56:10+00:00;35,75;35,76;35,75;600;1730379370642;sell;600,0
2024-10-31 12:56:15+00:00;35,74;35,76;35,76;500;1730379375954;buy;500,0
2024-10-31 12:56:15+00:00;35,74;35,76;35,76;100;1730379375954;buy;100,0
2024-10-31 12:56:15+00:00;35,74;35,76;35,76;100;1730379375954;buy;100,0
2024-10-31 12:56:19+00:00;35,76;35,77;35,77;300;1730379379027;buy;300,0
2024-10-31 12:56:19+00:00;35,76;35,77;35,76;100;1730379379401;sell;100,0
2024-10-31 12:56:22+00:00;35,76;35,77;35,76;200;1730379382529;sell;200,0
2024-10-31 12:56:26+00:00;35,75;35,76;35,76;300;1730379386058;buy;300,0
2024-10-31 12:56:27+00:00;35,75;35,76;35,76;1900;1730379387087;buy;1900,0
2024-10-31 12:56:27+00:00;35,75;35,76;35,76;2300;1730379387089;buy;2300,0
2024-10-31 12:56:27+00:00;35,75;35,76;35,76;100;1730379387101;buy;100,0
2024-10-31 12:56:30+00:00;35,75;35,76;35,76;100;1730379390167;buy;100,0
2024-10-31 12:56:40+00:00;35,75;35,76;35,75;500;1730379400974;sell;500,0
2024-10-31 12:56:46+00:00;35,74;35,75;35,75;200;1730379406482;buy;200,0
2024-10-31 12:56:49+00:00;35,74;35,75;35,74;100;1730379409312;sell;100,0
2024-10-31 12:57:00+00:00;35,74;35,75;35,75;600;1730379420169;buy;600,0
2024-10-31 12:57:00+00:00;35,74;35,75;35,74;500;1730379420180;sell;500,0
2024-10-31 12:57:00+00:00;35,74;35,75;35,74;200;1730379420806;sell;200,0
2024-10-31 12:57:02+00:00;35,73;35,74;35,73;100;1730379422474;sell;100,0
2024-10-31 12:57:06+00:00;35,73;35,74;35,74;100;1730379426134;buy;100,0
2024-10-31 12:57:10+00:00;35,73;35,74;35,73;400;1730379430086;sell;400,0
2024-10-31 12:57:12+00:00;35,73;35,74;35,74;100;1730379432174;buy;100,0
2024-10-31 12:57:12+00:00;35,73;35,74;35,73;100;1730379432695;sell;100,0
2024-10-31 12:57:12+00:00;35,73;35,74;35,74;100;1730379432769;buy;100,0
2024-10-31 12:57:16+00:00;35,73;35,74;35,73;400;1730379436173;sell;400,0
2024-10-31 12:57:17+00:00;35,73;35,74;35,74;100;1730379437402;buy;100,0
2024-10-31 12:57:18+00:00;35,73;35,74;35,73;100;1730379438863;sell;100,0
2024-10-31 12:57:20+00:00;35,73;35,74;35,73;100;1730379440070;sell;100,0
2024-10-31 12:57:20+00:00;35,73;35,74;35,73;400;1730379440546;sell;400,0
2024-10-31 12:57:20+00:00;35,73;35,74;35,73;1800;1730379440654;sell;1800,0
2024-10-31 12:57:20+00:00;35,73;35,74;35,73;400;1730379440654;sell;400,0
2024-10-31 12:57:25+00:00;35,73;35,74;35,73;900;1730379445883;sell;900,0
2024-10-31 12:57:27+00:00;35,72;35,74;35,74;100;1730379447003;buy;100,0
2024-10-31 12:57:34+00:00;35,72;35,74;35,72;100;1730379454897;sell;100,0
2024-10-31 12:57:38+00:00;35,72;35,73;35,73;1200;1730379458694;buy;1200,0
2024-10-31 12:57:40+00:00;35,73;35,74;35,73;1200;1730379460076;sell;1200,0
2024-10-31 12:57:40+00:00;35,73;35,74;35,73;200;1730379460185;sell;200,0
2024-10-31 12:57:41+00:00;35,73;35,74;35,74;3000;1730379461283;buy;3000,0
2024-10-31 12:57:44+00:00;35,73;35,74;35,74;100;1730379464947;buy;100,0
2024-10-31 12:57:45+00:00;35,73;35,74;35,74;3000;1730379465404;buy;3000,0
2024-10-31 12:57:45+00:00;35,73;35,74;35,74;400;1730379465412;buy;400,0
2024-10-31 12:57:50+00:00;35,73;35,75;35,75;500;1730379470932;buy;500,0
2024-10-31 12:57:54+00:00;35,73;35,74;35,74;100;1730379474268;buy;100,0
2024-10-31 12:57:57+00:00;35,73;35,74;35,74;100;1730379477746;buy;100,0
2024-10-31 12:58:00+00:00;35,73;35,74;35,74;1200;1730379480517;buy;1200,0
2024-10-31 12:58:00+00:00;35,73;35,74;35,74;200;1730379480517;buy;200,0
2024-10-31 12:58:00+00:00;35,73;35,75;35,75;100;1730379480613;buy;100,0
2024-10-31 12:58:12+00:00;35,74;35,75;35,75;100;1730379492676;buy;100,0
2024-10-31 12:58:18+00:00;35,74;35,75;35,74;100;1730379498273;sell;100,0
2024-10-31 12:58:25+00:00;35,74;35,75;35,75;100;1730379505044;buy;100,0
2024-10-31 12:58:25+00:00;35,74;35,75;35,75;200;1730379505419;buy;200,0
2024-10-31 12:58:27+00:00;35,74;35,75;35,74;100;1730379507667;sell;100,0
2024-10-31 12:58:30+00:00;35,74;35,75;35,74;100;1730379510299;sell;100,0
2024-10-31 12:58:32+00:00;35,74;35,75;35,74;100;1730379512753;sell;100,0
2024-10-31 12:58:36+00:00;35,74;35,75;35,75;100;1730379516317;buy;100,0
2024-10-31 12:58:38+00:00;35,74;35,75;35,75;100;1730379518011;buy;100,0
2024-10-31 12:58:38+00:00;35,74;35,75;35,75;100;1730379518743;buy;100,0
2024-10-31 12:58:39+00:00;35,74;35,75;35,74;100;1730379519754;sell;100,0
2024-10-31 12:58:42+00:00;35,74;35,75;35,74;100;1730379522141;sell;100,0
2024-10-31 12:58:42+00:00;35,74;35,75;35,74;100;1730379522145;sell;100,0
2024-10-31 12:58:53+00:00;35,74;35,75;35,74;200;1730379533664;sell;200,0
2024-10-31 12:58:55+00:00;35,74;35,75;35,74;100;1730379535318;sell;100,0
2024-10-31 12:58:55+00:00;35,74;35,75;35,74;100;1730379535614;sell;100,0
2024-10-31 12:59:01+00:00;35,74;35,75;35,74;100;1730379541538;sell;100,0
2024-10-31 12:59:03+00:00;35,74;35,75;35,74;100;1730379543311;sell;100,0
2024-10-31 12:59:04+00:00;35,74;35,75;35,74;100;1730379544932;sell;100,0
2024-10-31 12:59:05+00:00;35,73;35,74;35,73;400;1730379545691;sell;400,0
2024-10-31 12:59:08+00:00;35,73;35,74;35,73;100;1730379548587;sell;100,0
2024-10-31 12:59:09+00:00;35,73;35,74;35,74;200;1730379549351;buy;200,0
2024-10-31 12:59:12+00:00;35,73;35,74;35,73;100;1730379552182;sell;100,0
2024-10-31 12:59:13+00:00;35,73;35,74;35,73;400;1730379553558;sell;400,0
2024-10-31 12:59:14+00:00;35,73;35,74;35,74;100;1730379554869;buy;100,0
2024-10-31 12:59:15+00:00;35,73;35,74;35,74;300;1730379555215;buy;300,0
2024-10-31 12:59:16+00:00;35,73;35,74;35,74;100;1730379556763;buy;100,0
2024-10-31 12:59:18+00:00;35,73;35,74;35,74;200;1730379558147;buy;200,0
2024-10-31 12:59:18+00:00;35,73;35,74;35,74;100;1730379558502;buy;100,0
2024-10-31 12:59:19+00:00;35,73;35,74;35,73;400;1730379559030;sell;400,0
2024-10-31 12:59:19+00:00;35,73;35,74;35,74;100;1730379559876;buy;100,0
2024-10-31 12:59:20+00:00;35,73;35,74;35,73;100;1730379560548;sell;100,0
2024-10-31 12:59:21+00:00;35,73;35,74;35,74;300;1730379561207;buy;300,0
2024-10-31 12:59:22+00:00;35,73;35,74;35,74;3100;1730379562681;buy;3100,0
2024-10-31 12:59:22+00:00;35,73;35,74;35,75;2500;1730379562749;buy;2500,0
2024-10-31 12:59:24+00:00;35,74;35,75;35,75;200;1730379564124;buy;200,0
2024-10-31 12:59:27+00:00;35,74;35,75;35,75;300;1730379567025;buy;300,0
2024-10-31 12:59:28+00:00;35,74;35,75;35,75;100;1730379568680;buy;100,0
2024-10-31 12:59:30+00:00;35,74;35,75;35,75;200;1730379570152;buy;200,0
2024-10-31 12:59:33+00:00;35,74;35,75;35,75;300;1730379573052;buy;300,0
2024-10-31 12:59:35+00:00;35,74;35,75;35,75;100;1730379575340;buy;100,0
2024-10-31 12:59:36+00:00;35,74;35,75;35,75;200;1730379576164;buy;200,0
2024-10-31 12:59:37+00:00;35,74;35,75;35,74;100;1730379577284;sell;100,0
2024-10-31 12:59:38+00:00;35,74;35,75;35,75;3500;1730379578352;buy;3500,0
2024-10-31 12:59:39+00:00;35,75;35,76;35,76;300;1730379579035;buy;300,0
2024-10-31 12:59:41+00:00;35,75;35,76;35,76;1800;1730379581340;buy;1800,0
2024-10-31 12:59:42+00:00;35,76;35,77;35,77;200;1730379582048;buy;200,0
2024-10-31 12:59:45+00:00;35,76;35,77;35,77;300;1730379585011;buy;300,0
2024-10-31 12:59:48+00:00;35,76;35,77;35,77;200;1730379588132;buy;200,0
2024-10-31 12:59:51+00:00;35,76;35,77;35,77;300;1730379591030;buy;300,0
2024-10-31 12:59:54+00:00;35,76;35,77;35,77;100;1730379594007;buy;100,0
2024-10-31 12:59:54+00:00;35,76;35,77;35,77;200;1730379594114;buy;200,0
2024-10-31 12:59:57+00:00;35,76;35,77;35,77;300;1730379597033;buy;300,0
2024-10-31 13:00:00+00:00;35,76;35,77;35,77;200;1730379600146;buy;200,0
2024-10-31 13:00:00+00:00;35,76;35,77;35,77;100;1730379600199;buy;100,0
2024-10-31 13:00:00+00:00;35,76;35,77;35,77;100;1730379600203;buy;100,0
2024-10-31 13:00:00+00:00;35,76;35,77;35,76;500;1730379600239;sell;500,0
2024-10-31 13:00:00+00:00;35,76;35,77;35,76;1400;1730379600239;sell;1400,0
2024-10-31 13:00:00+00:00;35,76;35,77;35,76;19600;1730379600383;sell;19600,0
2024-10-31 13:00:00+00:00;35,75;35,77;35,77;2500;1730379600437;buy;2500,0
2024-10-31 13:00:03+00:00;35,76;35,78;35,78;300;1730379603080;buy;300,0
2024-10-31 13:00:06+00:00;35,76;35,78;35,78;200;1730379606144;buy;200,0
2024-10-31 13:00:07+00:00;35,77;35,78;35,77;300;1730379607310;sell;300,0
2024-10-31 13:00:08+00:00;35,76;35,77;35,77;200;1730379608057;buy;200,0
2024-10-31 13:00:12+00:00;35,76;35,77;35,77;200;1730379612140;buy;200,0
2024-10-31 13:00:15+00:00;35,76;35,77;35,77;300;1730379615261;buy;300,0
2024-10-31 13:00:18+00:00;35,76;35,77;35,77;200;1730379618151;buy;200,0
2024-10-31 13:00:18+00:00;35,76;35,77;35,77;200;1730379618363;buy;200,0
2024-10-31 13:00:21+00:00;35,76;35,77;35,77;300;1730379621056;buy;300,0
2024-10-31 13:00:22+00:00;35,76;35,77;35,77;100;1730379622745;buy;100,0
2024-10-31 13:00:24+00:00;35,76;35,77;35,77;200;1730379624156;buy;200,0
2024-10-31 13:00:26+00:00;35,76;35,77;35,77;400;1730379626182;buy;400,0
2024-10-31 13:00:26+00:00;35,76;35,77;35,77;800;1730379626182;buy;800,0
2024-10-31 13:00:27+00:00;35,76;35,78;35,78;300;1730379627001;buy;300,0
2024-10-31 13:00:30+00:00;35,77;35,78;35,78;200;1730379630084;buy;200,0
2024-10-31 13:00:33+00:00;35,77;35,78;35,78;300;1730379633224;buy;300,0
2024-10-31 13:00:33+00:00;35,77;35,78;35,77;200;1730379633462;sell;200,0
2024-10-31 13:00:33+00:00;35,77;35,78;35,77;100;1730379633462;sell;100,0
2024-10-31 13:00:33+00:00;35,77;35,78;35,76;600;1730379633462;sell;600,0
2024-10-31 13:00:36+00:00;35,77;35,78;35,78;200;1730379636089;buy;200,0
2024-10-31 13:00:39+00:00;35,77;35,78;35,78;300;1730379639197;buy;300,0
2024-10-31 13:00:41+00:00;35,77;35,78;35,77;200;1730379641807;sell;200,0
2024-10-31 13:00:45+00:00;35,77;35,78;35,78;300;1730379645213;buy;300,0
2024-10-31 13:00:48+00:00;35,77;35,78;35,78;200;1730379648074;buy;200,0
2024-10-31 13:00:50+00:00;35,77;35,78;35,77;100;1730379650187;sell;100,0
2024-10-31 13:00:51+00:00;35,77;35,78;35,78;300;1730379651229;buy;300,0
2024-10-31 13:00:54+00:00;35,77;35,78;35,78;200;1730379654110;buy;200,0
2024-10-31 13:00:54+00:00;35,77;35,78;35,78;200;1730379654771;buy;200,0
2024-10-31 13:00:55+00:00;35,77;35,78;35,77;100;1730379655289;sell;100,0
2024-10-31 13:00:56+00:00;35,77;35,78;35,77;300;1730379656994;sell;300,0
2024-10-31 13:00:58+00:00;35,76;35,77;35,77;100;1730379658743;buy;100,0
2024-10-31 13:00:59+00:00;35,76;35,77;35,77;100;1730379659102;buy;100,0
2024-10-31 13:01:00+00:00;35,76;35,77;35,77;200;1730379660123;buy;200,0
2024-10-31 13:01:01+00:00;35,76;35,77;35,76;100;1730379661637;sell;100,0
2024-10-31 13:01:03+00:00;35,76;35,77;35,77;300;1730379663175;buy;300,0
2024-10-31 13:01:06+00:00;35,76;35,77;35,77;200;1730379666071;buy;200,0
2024-10-31 13:01:06+00:00;35,76;35,77;35,77;200;1730379666201;buy;200,0
2024-10-31 13:01:08+00:00;35,76;35,77;35,76;100;1730379668132;sell;100,0
2024-10-31 13:01:09+00:00;35,76;35,77;35,77;300;1730379669165;buy;300,0
2024-10-31 13:01:10+00:00;35,76;35,77;35,76;100;1730379670495;sell;100,0
2024-10-31 13:01:12+00:00;35,76;35,77;35,77;100;1730379672001;buy;100,0
2024-10-31 13:01:12+00:00;35,76;35,77;35,77;200;1730379672085;buy;200,0
2024-10-31 13:01:15+00:00;35,76;35,77;35,77;100;1730379675167;buy;100,0
2024-10-31 13:01:15+00:00;35,76;35,77;35,77;200;1730379675167;buy;200,0
2024-10-31 13:01:18+00:00;35,76;35,77;35,77;200;1730379678111;buy;200,0
2024-10-31 13:01:18+00:00;35,76;35,77;35,76;100;1730379678466;sell;100,0
2024-10-31 13:01:21+00:00;35,76;35,77;35,77;100;1730379681207;buy;100,0
2024-10-31 13:01:21+00:00;35,76;35,77;35,77;200;1730379681207;buy;200,0
2024-10-31 13:01:24+00:00;35,76;35,77;35,77;200;1730379684125;buy;200,0
2024-10-31 13:01:24+00:00;35,76;35,77;35,77;100;1730379684347;buy;100,0
2024-10-31 13:01:27+00:00;35,76;35,77;35,77;300;1730379687161;buy;300,0
2024-10-31 13:01:27+00:00;35,76;35,77;35,77;100;1730379687590;buy;100,0
2024-10-31 13:01:29+00:00;35,76;35,77;35,76;100;1730379689848;sell;100,0
2024-10-31 13:01:29+00:00;35,76;35,77;35,77;100;1730379689965;buy;100,0
2024-10-31 13:01:29+00:00;35,76;35,77;35,77;200;1730379689997;buy;200,0
2024-10-31 13:01:33+00:00;35,76;35,77;35,77;300;1730379693047;buy;300,0
2024-10-31 13:01:36+00:00;35,76;35,77;35,77;200;1730379696163;buy;200,0
2024-10-31 13:01:38+00:00;35,76;35,77;35,77;1100;1730379698254;buy;1100,0
2024-10-31 13:01:39+00:00;35,76;35,77;35,77;300;1730379699065;buy;300,0
2024-10-31 13:01:40+00:00;35,76;35,77;35,76;100;1730379700979;sell;100,0
2024-10-31 13:01:41+00:00;35,76;35,77;35,77;500;1730379701276;buy;500,0
2024-10-31 13:01:41+00:00;35,76;35,77;35,77;200;1730379701276;buy;200,0
2024-10-31 13:01:41+00:00;35,76;35,77;35,77;2500;1730379701291;buy;2500,0
2024-10-31 13:01:41+00:00;35,76;35,77;35,78;2400;1730379701306;buy;2400,0
2024-10-31 13:01:41+00:00;35,77;35,78;35,77;5300;1730379701773;sell;5300,0
2024-10-31 13:01:41+00:00;35,77;35,78;35,77;100;1730379701864;sell;100,0
2024-10-31 13:01:42+00:00;35,77;35,78;35,78;200;1730379702130;buy;200,0
2024-10-31 13:01:45+00:00;35,77;35,78;35,78;300;1730379705050;buy;300,0
2024-10-31 13:01:48+00:00;35,77;35,78;35,78;200;1730379708154;buy;200,0
2024-10-31 13:01:48+00:00;35,77;35,78;35,77;1600;1730379708249;sell;1600,0
2024-10-31 13:01:48+00:00;35,77;35,78;35,77;400;1730379708249;sell;400,0
2024-10-31 13:01:51+00:00;35,77;35,78;35,78;300;1730379711057;buy;300,0
2024-10-31 13:01:54+00:00;35,77;35,78;35,78;200;1730379714165;buy;200,0
2024-10-31 13:01:57+00:00;35,77;35,78;35,78;300;1730379717107;buy;300,0
2024-10-31 13:01:57+00:00;35,77;35,78;35,78;100;1730379717144;buy;100,0
2024-10-31 13:02:00+00:00;35,77;35,78;35,78;200;1730379720219;buy;200,0
2024-10-31 13:02:03+00:00;35,77;35,78;35,78;300;1730379723091;buy;300,0
2024-10-31 13:02:06+00:00;35,77;35,78;35,78;200;1730379726010;buy;200,0
2024-10-31 13:02:09+00:00;35,77;35,78;35,78;300;1730379729085;buy;300,0
2024-10-31 13:02:12+00:00;35,77;35,78;35,77;100;1730379732087;sell;100,0
2024-10-31 13:02:12+00:00;35,77;35,78;35,78;200;1730379732091;buy;200,0
2024-10-31 13:02:12+00:00;35,77;35,78;35,78;1000;1730379732549;buy;1000,0
2024-10-31 13:02:14+00:00;35,77;35,78;35,77;100;1730379734744;sell;100,0
2024-10-31 13:02:15+00:00;35,77;35,78;35,78;300;1730379735067;buy;300,0
2024-10-31 13:02:17+00:00;35,77;35,78;35,78;100;1730379737173;buy;100,0
2024-10-31 13:02:18+00:00;35,77;35,78;35,78;200;1730379738183;buy;200,0
2024-10-31 13:02:18+00:00;35,77;35,78;35,78;200;1730379738262;buy;200,0
2024-10-31 13:02:21+00:00;35,77;35,78;35,78;300;1730379741086;buy;300,0
2024-10-31 13:02:21+00:00;35,77;35,78;35,77;100;1730379741564;sell;100,0
2024-10-31 13:02:24+00:00;35,77;35,78;35,78;200;1730379744212;buy;200,0
2024-10-31 13:02:24+00:00;35,77;35,78;35,77;100;1730379744510;sell;100,0
2024-10-31 13:02:25+00:00;35,77;35,78;35,77;100;1730379745537;sell;100,0
2024-10-31 13:02:26+00:00;35,77;35,78;35,77;100;1730379746013;sell;100,0
2024-10-31 13:02:26+00:00;35,77;35,78;35,77;500;1730379746488;sell;500,0
2024-10-31 13:02:26+00:00;35,77;35,78;35,76;3900;1730379746488;sell;3900,0
2024-10-31 13:02:26+00:00;35,77;35,78;35,76;100;1730379746632;sell;100,0
2024-10-31 13:02:27+00:00;35,75;35,77;35,77;100;1730379747639;buy;100,0
2024-10-31 13:02:29+00:00;35,76;35,77;35,76;100;1730379749483;sell;100,0
2024-10-31 13:02:30+00:00;35,76;35,77;35,77;100;1730379750151;buy;100,0
2024-10-31 13:02:30+00:00;35,76;35,77;35,76;100;1730379750153;sell;100,0
2024-10-31 13:02:30+00:00;35,75;35,76;35,75;100;1730379750408;sell;100,0
2024-10-31 13:02:30+00:00;35,75;35,76;35,75;400;1730379750636;sell;400,0
2024-10-31 13:02:32+00:00;35,75;35,76;35,76;300;1730379752992;buy;300,0
2024-10-31 13:02:34+00:00;35,75;35,76;35,75;400;1730379754475;sell;400,0
2024-10-31 13:02:36+00:00;35,75;35,76;35,76;200;1730379756097;buy;200,0
2024-10-31 13:02:36+00:00;35,75;35,76;35,75;100;1730379756100;sell;100,0
2024-10-31 13:02:39+00:00;35,75;35,76;35,76;300;1730379759165;buy;300,0
2024-10-31 13:02:41+00:00;35,75;35,76;35,75;100;1730379761716;sell;100,0
2024-10-31 13:02:42+00:00;35,75;35,76;35,76;200;1730379762062;buy;200,0
2024-10-31 13:02:45+00:00;35,75;35,76;35,76;300;1730379765176;buy;300,0
2024-10-31 13:02:46+00:00;35,75;35,76;35,76;100;1730379766940;buy;100,0
2024-10-31 13:02:47+00:00;35,75;35,76;35,75;100;1730379767799;sell;100,0
2024-10-31 13:02:47+00:00;35,75;35,76;35,75;100;1730379767963;sell;100,0
2024-10-31 13:02:48+00:00;35,75;35,76;35,76;200;1730379768066;buy;200,0
2024-10-31 13:02:48+00:00;35,75;35,76;35,76;100;1730379768370;buy;100,0
2024-10-31 13:02:51+00:00;35,75;35,76;35,75;100;1730379771030;sell;100,0
2024-10-31 13:02:51+00:00;35,75;35,76;35,76;300;1730379771062;buy;300,0
2024-10-31 13:02:54+00:00;35,75;35,76;35,76;200;1730379774073;buy;200,0
2024-10-31 13:02:54+00:00;35,75;35,76;35,76;3800;1730379774805;buy;3800,0
2024-10-31 13:02:54+00:00;35,75;35,76;35,77;1200;1730379774805;buy;1200,0
2024-10-31 13:02:57+00:00;35,76;35,77;35,77;300;1730379777198;buy;300,0
2024-10-31 13:02:58+00:00;35,76;35,77;35,77;5000;1730379778964;buy;5000,0
2024-10-31 13:03:00+00:00;35,76;35,77;35,77;200;1730379780070;buy;200,0
2024-10-31 13:03:00+00:00;35,76;35,77;35,76;100;1730379780960;sell;100,0
2024-10-31 13:03:01+00:00;35,76;35,77;35,77;100;1730379781632;buy;100,0
2024-10-31 13:03:03+00:00;35,76;35,77;35,77;300;1730379783146;buy;300,0
2024-10-31 13:03:06+00:00;35,76;35,77;35,76;100;1730379786029;sell;100,0
2024-10-31 13:03:06+00:00;35,76;35,77;35,77;200;1730379786058;buy;200,0
2024-10-31 13:03:06+00:00;35,76;35,77;35,76;700;1730379786732;sell;700,0
2024-10-31 13:03:06+00:00;35,76;35,77;35,75;4600;1730379786734;sell;4600,0
2024-10-31 13:03:06+00:00;35,76;35,77;35,75;5300;1730379786734;sell;5300,0
2024-10-31 13:03:06+00:00;35,76;35,77;35,75;3300;1730379786735;sell;3300,0
2024-10-31 13:03:06+00:00;35,76;35,77;35,74;2600;1730379786735;sell;2600,0
2024-10-31 13:03:06+00:00;35,74;35,76;35,76;100;1730379786811;buy;100,0
2024-10-31 13:03:09+00:00;35,75;35,76;35,76;200;1730379789131;buy;200,0
2024-10-31 13:03:09+00:00;35,75;35,76;35,76;100;1730379789131;buy;100,0
2024-10-31 13:03:11+00:00;35,74;35,75;35,75;300;1730379791646;buy;300,0
2024-10-31 13:03:12+00:00;35,75;35,76;35,76;200;1730379792031;buy;200,0
2024-10-31 13:03:14+00:00;35,75;35,76;35,75;300;1730379794119;sell;300,0
2024-10-31 13:03:14+00:00;35,75;35,76;35,75;400;1730379794776;sell;400,0
2024-10-31 13:03:14+00:00;35,75;35,76;35,74;600;1730379794776;sell;600,0
2024-10-31 13:03:18+00:00;35,75;35,76;35,76;200;1730379798208;buy;200,0
2024-10-31 13:03:21+00:00;35,75;35,76;35,76;300;1730379801129;buy;300,0
2024-10-31 13:03:23+00:00;35,75;35,76;35,76;100;1730379803337;buy;100,0
2024-10-31 13:03:24+00:00;35,75;35,76;35,76;200;1730379804184;buy;200,0
2024-10-31 13:03:27+00:00;35,75;35,76;35,76;300;1730379807069;buy;300,0
2024-10-31 13:03:28+00:00;35,75;35,76;35,76;100;1730379808953;buy;100,0
2024-10-31 13:03:30+00:00;35,75;35,76;35,76;200;1730379810198;buy;200,0
2024-10-31 13:03:30+00:00;35,75;35,76;35,76;100;1730379810472;buy;100,0
2024-10-31 13:03:31+00:00;35,75;35,76;35,76;100;1730379811001;buy;100,0
2024-10-31 13:03:33+00:00;35,75;35,76;35,76;300;1730379813104;buy;300,0
2024-10-31 13:03:36+00:00;35,75;35,76;35,76;200;1730379816187;buy;200,0
2024-10-31 13:03:39+00:00;35,75;35,76;35,76;300;1730379819063;buy;300,0
2024-10-31 13:03:41+00:00;35,75;35,76;35,75;400;1730379821230;sell;400,0
2024-10-31 13:03:42+00:00;35,74;35,75;35,74;14000;1730379822721;sell;14000,0
2024-10-31 13:03:43+00:00;35,74;35,75;35,74;100;1730379823161;sell;100,0
2024-10-31 13:03:44+00:00;35,74;35,75;35,74;100;1730379824122;sell;100,0
2024-10-31 13:03:45+00:00;35,74;35,75;35,75;300;1730379825252;buy;300,0
2024-10-31 13:03:46+00:00;35,74;35,75;35,74;200;1730379826747;sell;200,0
2024-10-31 13:03:48+00:00;35,74;35,75;35,75;200;1730379828145;buy;200,0
2024-10-31 13:03:49+00:00;35,74;35,75;35,74;100;1730379829494;sell;100,0
2024-10-31 13:03:50+00:00;35,74;35,75;35,75;2400;1730379830740;buy;2400,0
2024-10-31 13:03:50+00:00;35,74;35,75;35,75;1500;1730379830740;buy;1500,0
2024-10-31 13:03:51+00:00;35,74;35,75;35,75;100;1730379831042;buy;100,0
2024-10-31 13:03:51+00:00;35,74;35,75;35,76;200;1730379831089;buy;200,0
2024-10-31 13:03:52+00:00;35,75;35,76;35,75;400;1730379832868;sell;400,0
2024-10-31 13:03:52+00:00;35,75;35,76;35,74;5600;1730379832868;sell;5600,0
2024-10-31 13:03:57+00:00;35,75;35,76;35,76;300;1730379837071;buy;300,0
2024-10-31 13:04:00+00:00;35,75;35,76;35,76;200;1730379840156;buy;200,0
2024-10-31 13:04:03+00:00;35,75;35,76;35,76;300;1730379843139;buy;300,0
2024-10-31 13:04:05+00:00;35,75;35,76;35,76;100;1730379845197;buy;100,0
2024-10-31 13:04:06+00:00;35,75;35,76;35,76;200;1730379846200;buy;200,0
2024-10-31 13:04:09+00:00;35,74;35,75;35,75;500;1730379849297;buy;500,0
2024-10-31 13:04:09+00:00;35,74;35,75;35,75;1800;1730379849298;buy;1800,0
2024-10-31 13:04:12+00:00;35,75;35,76;35,76;200;1730379852011;buy;200,0
2024-10-31 13:04:12+00:00;35,75;35,76;35,76;100;1730379852474;buy;100,0
2024-10-31 13:04:15+00:00;35,75;35,76;35,76;100;1730379855092;buy;100,0
2024-10-31 13:04:15+00:00;35,75;35,76;35,76;200;1730379855092;buy;200,0
2024-10-31 13:04:18+00:00;35,75;35,76;35,76;200;1730379858181;buy;200,0
2024-10-31 13:04:21+00:00;35,76;35,77;35,77;300;1730379861084;buy;300,0
2024-10-31 13:04:24+00:00;35,76;35,77;35,77;200;1730379864234;buy;200,0
2024-10-31 13:04:27+00:00;35,76;35,77;35,77;300;1730379867126;buy;300,0
2024-10-31 13:04:30+00:00;35,76;35,77;35,77;200;1730379870238;buy;200,0
2024-10-31 13:04:30+00:00;35,76;35,77;35,77;200;1730379870747;buy;200,0
2024-10-31 13:04:33+00:00;35,76;35,77;35,77;300;1730379873085;buy;300,0
2024-10-31 13:04:36+00:00;35,76;35,77;35,77;200;1730379876211;buy;200,0
2024-10-31 13:04:37+00:00;35,76;35,77;35,77;100;1730379877666;buy;100,0
2024-10-31 13:04:39+00:00;35,76;35,77;35,77;300;1730379879068;buy;300,0
2024-10-31 13:04:40+00:00;35,76;35,77;35,76;100;1730379880177;sell;100,0
2024-10-31 13:04:42+00:00;35,76;35,77;35,77;200;1730379882237;buy;200,0
2024-10-31 13:04:43+00:00;35,76;35,77;35,77;10300;1730379883477;buy;10300,0
2024-10-31 13:04:45+00:00;35,76;35,77;35,77;300;1730379885277;buy;300,0
2024-10-31 13:04:45+00:00;35,76;35,77;35,76;100;1730379885358;sell;100,0
2024-10-31 13:04:48+00:00;35,77;35,78;35,78;200;1730379888175;buy;200,0
2024-10-31 13:04:51+00:00;35,77;35,78;35,78;300;1730379891064;buy;300,0
2024-10-31 13:04:53+00:00;35,77;35,78;35,78;100;1730379893371;buy;100,0
2024-10-31 13:04:54+00:00;35,77;35,78;35,78;200;1730379894186;buy;200,0
2024-10-31 13:04:57+00:00;35,77;35,78;35,78;300;1730379897057;buy;300,0
2024-10-31 13:05:00+00:00;35,77;35,78;35,78;200;1730379900175;buy;200,0
2024-10-31 13:05:01+00:00;35,77;35,78;35,77;1700;1730379901670;sell;1700,0
2024-10-31 13:05:01+00:00;35,77;35,78;35,76;300;1730379901670;sell;300,0
2024-10-31 13:05:05+00:00;35,76;35,77;35,77;200;1730379905999;buy;200,0
2024-10-31 13:05:07+00:00;35,76;35,77;35,77;1000;1730379907892;buy;1000,0
2024-10-31 13:05:09+00:00;35,76;35,77;35,77;300;1730379909063;buy;300,0
2024-10-31 13:05:11+00:00;35,76;35,77;35,77;200;1730379911996;buy;200,0
2024-10-31 13:05:14+00:00;35,76;35,77;35,77;100;1730379914380;buy;100,0
2024-10-31 13:05:14+00:00;35,76;35,77;35,77;2900;1730379914380;buy;2900,0
2024-10-31 13:05:15+00:00;35,76;35,77;35,77;300;1730379915109;buy;300,0
2024-10-31 13:05:17+00:00;35,76;35,77;35,77;200;1730379917988;buy;200,0
2024-10-31 13:05:21+00:00;35,76;35,77;35,77;300;1730379921091;buy;300,0
2024-10-31 13:05:23+00:00;35,76;35,77;35,77;200;1730379923482;buy;200,0
2024-10-31 13:05:24+00:00;35,76;35,77;35,77;200;1730379924188;buy;200,0
2024-10-31 13:05:27+00:00;35,76;35,77;35,77;300;1730379927073;buy;300,0
2024-10-31 13:05:30+00:00;35,76;35,77;35,77;200;1730379930168;buy;200,0
2024-10-31 13:05:33+00:00;35,76;35,77;35,77;300;1730379933077;buy;300,0
2024-10-31 13:05:35+00:00;35,76;35,77;35,76;100;1730379935901;sell;100,0
2024-10-31 13:05:36+00:00;35,76;35,77;35,77;200;1730379936158;buy;200,0
2024-10-31 13:05:36+00:00;35,76;35,77;35,77;100;1730379936325;buy;100,0
2024-10-31 13:05:38+00:00;35,76;35,77;35,76;2000;1730379938345;sell;2000,0
2024-10-31 13:05:38+00:00;35,76;35,77;35,77;100;1730379938510;buy;100,0
2024-10-31 13:05:39+00:00;35,76;35,77;35,77;300;1730379939065;buy;300,0
2024-10-31 13:05:42+00:00;35,76;35,77;35,77;200;1730379942116;buy;200,0
2024-10-31 13:05:45+00:00;35,76;35,77;35,77;300;1730379945008;buy;300,0
2024-10-31 13:05:47+00:00;35,76;35,77;35,76;100;1730379947057;sell;100,0
2024-10-31 13:05:48+00:00;35,76;35,77;35,77;200;1730379948146;buy;200,0
2024-10-31 13:05:51+00:00;35,76;35,77;35,77;300;1730379951014;buy;300,0
2024-10-31 13:05:52+00:00;35,76;35,77;35,76;100;1730379952518;sell;100,0
2024-10-31 13:05:54+00:00;35,76;35,77;35,77;200;1730379954135;buy;200,0
2024-10-31 13:05:55+00:00;35,76;35,77;35,76;1000;1730379955747;sell;1000,0
2024-10-31 13:05:57+00:00;35,76;35,77;35,77;300;1730379957043;buy;300,0
2024-10-31 13:05:59+00:00;35,76;35,77;35,76;100;1730379959184;sell;100,0
2024-10-31 13:06:00+00:00;35,76;35,77;35,77;100;1730379960037;buy;100,0
2024-10-31 13:06:00+00:00;35,76;35,77;35,77;200;1730379960337;buy;200,0
2024-10-31 13:06:03+00:00;35,76;35,77;35,77;300;1730379963263;buy;300,0
2024-10-31 13:06:06+00:00;35,76;35,77;35,77;100;1730379966341;buy;100,0
2024-10-31 13:06:06+00:00;35,76;35,77;35,77;100;1730379966341;buy;100,0
2024-10-31 13:06:09+00:00;35,76;35,77;35,77;300;1730379969198;buy;300,0
2024-10-31 13:06:09+00:00;35,76;35,77;35,76;100;1730379969201;sell;100,0
2024-10-31 13:06:12+00:00;35,76;35,77;35,77;200;1730379972168;buy;200,0
2024-10-31 13:06:15+00:00;35,76;35,77;35,77;300;1730379975017;buy;300,0
2024-10-31 13:06:15+00:00;35,76;35,77;35,77;100;1730379975539;buy;100,0
2024-10-31 13:06:15+00:00;35,76;35,77;35,77;100;1730379975546;buy;100,0
2024-10-31 13:06:16+00:00;35,76;35,77;35,77;1000;1730379976271;buy;1000,0
2024-10-31 13:06:18+00:00;35,76;35,77;35,77;200;1730379978106;buy;200,0
2024-10-31 13:06:18+00:00;35,76;35,77;35,77;100;1730379978652;buy;100,0
2024-10-31 13:06:21+00:00;35,76;35,77;35,76;100;1730379981014;sell;100,0
2024-10-31 13:06:21+00:00;35,76;35,77;35,77;300;1730379981224;buy;300,0
2024-10-31 13:06:24+00:00;35,76;35,77;35,77;200;1730379984087;buy;200,0
2024-10-31 13:06:27+00:00;35,76;35,77;35,77;300;1730379987165;buy;300,0
2024-10-31 13:06:29+00:00;35,76;35,77;35,76;100;1730379989221;sell;100,0
2024-10-31 13:06:30+00:00;35,76;35,77;35,77;200;1730379990071;buy;200,0
2024-10-31 13:06:30+00:00;35,76;35,77;35,77;100;1730379990382;buy;100,0
2024-10-31 13:06:31+00:00;35,76;35,77;35,77;100;1730379991028;buy;100,0
2024-10-31 13:06:31+00:00;35,76;35,77;35,76;100;1730379991685;sell;100,0
2024-10-31 13:06:33+00:00;35,76;35,77;35,77;300;1730379993171;buy;300,0
2024-10-31 13:06:33+00:00;35,76;35,77;35,77;100;1730379993743;buy;100,0
2024-10-31 13:06:36+00:00;35,76;35,77;35,77;200;1730379996055;buy;200,0
2024-10-31 13:06:39+00:00;35,76;35,77;35,77;300;1730379999141;buy;300,0
2024-10-31 13:06:42+00:00;35,76;35,77;35,77;200;1730380002043;buy;200,0
2024-10-31 13:06:42+00:00;35,76;35,77;35,76;100;1730380002363;sell;100,0
2024-10-31 13:06:45+00:00;35,76;35,77;35,77;300;1730380005151;buy;300,0
2024-10-31 13:06:48+00:00;35,76;35,77;35,77;200;1730380008039;buy;200,0
2024-10-31 13:06:51+00:00;35,76;35,77;35,77;300;1730380011169;buy;300,0
2024-10-31 13:06:51+00:00;35,76;35,77;35,77;500;1730380011386;buy;500,0
2024-10-31 13:06:54+00:00;35,76;35,77;35,77;200;1730380014059;buy;200,0
2024-10-31 13:06:54+00:00;35,76;35,77;35,76;100;1730380014958;sell;100,0
2024-10-31 13:06:57+00:00;35,76;35,77;35,77;300;1730380017149;buy;300,0
2024-10-31 13:07:00+00:00;35,76;35,77;35,77;200;1730380020221;buy;200,0
2024-10-31 13:07:00+00:00;35,76;35,77;35,77;100;1730380020539;buy;100,0
2024-10-31 13:07:03+00:00;35,76;35,77;35,77;300;1730380023119;buy;300,0
2024-10-31 13:07:05+00:00;35,76;35,77;35,76;200;1730380025887;sell;200,0
2024-10-31 13:07:06+00:00;35,76;35,77;35,77;200;1730380026053;buy;200,0
2024-10-31 13:07:09+00:00;35,76;35,77;35,77;300;1730380029181;buy;300,0
2024-10-31 13:07:12+00:00;35,76;35,77;35,77;200;1730380032065;buy;200,0
2024-10-31 13:07:13+00:00;35,76;35,77;35,76;100;1730380033546;sell;100,0
2024-10-31 13:07:15+00:00;35,76;35,77;35,77;300;1730380035156;buy;300,0
2024-10-31 13:07:16+00:00;35,76;35,77;35,76;100;1730380036993;sell;100,0
2024-10-31 13:07:17+00:00;35,76;35,77;35,77;100;1730380037498;buy;100,0
2024-10-31 13:07:18+00:00;35,76;35,77;35,77;200;1730380038048;buy;200,0
2024-10-31 13:07:21+00:00;35,76;35,77;35,77;300;1730380041160;buy;300,0
2024-10-31 13:07:21+00:00;35,76;35,77;35,76;100;1730380041962;sell;100,0
2024-10-31 13:07:24+00:00;35,76;35,77;35,77;200;1730380044095;buy;200,0
2024-10-31 13:07:27+00:00;35,76;35,77;35,77;300;1730380047182;buy;300,0
2024-10-31 13:07:27+00:00;35,76;35,77;35,76;100;1730380047185;sell;100,0
2024-10-31 13:07:29+00:00;35,76;35,77;35,76;100;1730380049494;sell;100,0
2024-10-31 13:07:29+00:00;35,76;35,77;35,76;200;1730380049494;sell;200,0
2024-10-31 13:07:30+00:00;35,76;35,77;35,77;200;1730380050073;buy;200,0
2024-10-31 13:07:31+00:00;35,76;35,77;35,76;100;1730380051889;sell;100,0
2024-10-31 13:07:33+00:00;35,76;35,77;35,76;300;1730380053145;sell;300,0
2024-10-31 13:07:33+00:00;35,76;35,77;35,77;300;1730380053165;buy;300,0
2024-10-31 13:07:36+00:00;35,76;35,77;35,77;200;1730380056090;buy;200,0
2024-10-31 13:07:37+00:00;35,76;35,77;35,76;300;1730380057625;sell;300,0
2024-10-31 13:07:39+00:00;35,76;35,77;35,77;300;1730380059200;buy;300,0
2024-10-31 13:07:39+00:00;35,76;35,77;35,76;100;1730380059203;sell;100,0
2024-10-31 13:07:40+00:00;35,76;35,77;35,76;100;1730380060493;sell;100,0
2024-10-31 13:07:40+00:00;35,76;35,77;35,76;100;1730380060883;sell;100,0
2024-10-31 13:07:42+00:00;35,76;35,77;35,77;200;1730380062087;buy;200,0
2024-10-31 13:07:42+00:00;35,76;35,77;35,77;100;1730380062451;buy;100,0
2024-10-31 13:07:45+00:00;35,76;35,77;35,77;300;1730380065214;buy;300,0
2024-10-31 13:07:47+00:00;35,76;35,77;35,76;300;1730380067540;sell;300,0
2024-10-31 13:07:48+00:00;35,76;35,77;35,77;200;1730380068073;buy;200,0
2024-10-31 13:07:49+00:00;35,76;35,77;35,76;100;1730380069809;sell;100,0
2024-10-31 13:07:51+00:00;35,76;35,77;35,76;200;1730380071155;sell;200,0
2024-10-31 13:07:52+00:00;35,75;35,77;35,76;100;1730380072158;both;100,0
2024-10-31 13:07:52+00:00;35,75;35,77;35,76;100;1730380072231;both;100,0
2024-10-31 13:07:56+00:00;35,76;35,77;35,76;400;1730380076746;sell;400,0
2024-10-31 13:07:56+00:00;35,76;35,77;35,75;13800;1730380076746;sell;13800,0
2024-10-31 13:07:56+00:00;35,76;35,77;35,75;600;1730380076746;sell;600,0
2024-10-31 13:07:56+00:00;35,76;35,77;35,75;15200;1730380076759;sell;15200,0
2024-10-31 13:07:56+00:00;35,76;35,77;35,75;300;1730380076780;sell;300,0
2024-10-31 13:07:56+00:00;35,76;35,77;35,75;2500;1730380076795;sell;2500,0
2024-10-31 13:07:57+00:00;35,75;35,76;35,75;100;1730380077668;sell;100,0
2024-10-31 13:07:57+00:00;35,75;35,76;35,75;300;1730380077890;sell;300,0
2024-10-31 13:07:58+00:00;35,75;35,76;35,75;100;1730380078337;sell;100,0
2024-10-31 13:08:00+00:00;35,75;35,76;35,76;200;1730380080079;buy;200,0
2024-10-31 13:08:02+00:00;35,75;35,76;35,75;400;1730380082466;sell;400,0
2024-10-31 13:08:03+00:00;35,75;35,76;35,76;100;1730380083184;buy;100,0
2024-10-31 13:08:03+00:00;35,75;35,76;35,76;200;1730380083184;buy;200,0
2024-10-31 13:08:05+00:00;35,75;35,76;35,76;100;1730380085872;buy;100,0
2024-10-31 13:08:06+00:00;35,75;35,76;35,76;200;1730380086083;buy;200,0
2024-10-31 13:08:08+00:00;35,75;35,76;35,76;300;1730380088999;buy;300,0
2024-10-31 13:08:11+00:00;35,75;35,76;35,75;100;1730380091952;sell;100,0
2024-10-31 13:08:12+00:00;35,75;35,76;35,76;2900;1730380092092;buy;2900,0
2024-10-31 13:08:12+00:00;35,75;35,76;35,76;900;1730380092093;buy;900,0
2024-10-31 13:08:15+00:00;35,75;35,76;35,76;300;1730380095033;buy;300,0
2024-10-31 13:08:15+00:00;35,75;35,76;35,76;200;1730380095033;buy;200,0
2024-10-31 13:08:18+00:00;35,76;35,77;35,77;200;1730380098115;buy;200,0
2024-10-31 13:08:21+00:00;35,76;35,77;35,77;300;1730380101000;buy;300,0
2024-10-31 13:08:24+00:00;35,76;35,77;35,77;1000;1730380104125;buy;1000,0
2024-10-31 13:08:24+00:00;35,76;35,77;35,77;200;1730380104162;buy;200,0
2024-10-31 13:08:24+00:00;35,76;35,77;35,77;100;1730380104472;buy;100,0
2024-10-31 13:08:27+00:00;35,76;35,77;35,77;300;1730380107027;buy;300,0
2024-10-31 13:08:27+00:00;35,76;35,77;35,76;200;1730380107544;sell;200,0
2024-10-31 13:08:30+00:00;35,76;35,77;35,77;200;1730380110096;buy;200,0
2024-10-31 13:08:30+00:00;35,76;35,77;35,76;20000;1730380110859;sell;20000,0
2024-10-31 13:08:33+00:00;35,76;35,77;35,77;300;1730380113216;buy;300,0
2024-10-31 13:08:33+00:00;35,76;35,77;35,76;100;1730380113876;sell;100,0
2024-10-31 13:08:34+00:00;35,76;35,77;35,77;100;1730380114315;buy;100,0
2024-10-31 13:08:36+00:00;35,76;35,77;35,77;200;1730380116047;buy;200,0
2024-10-31 13:08:38+00:00;35,76;35,77;35,77;300;1730380118102;buy;300,0
2024-10-31 13:08:40+00:00;35,76;35,77;35,77;200;1730380120178;buy;200,0
2024-10-31 13:08:42+00:00;35,76;35,77;35,77;300;1730380122017;buy;300,0
2024-10-31 13:08:44+00:00;35,76;35,77;35,77;200;1730380124065;buy;200,0
2024-10-31 13:08:44+00:00;35,76;35,77;35,77;23200;1730380124537;buy;23200,0
2024-10-31 13:08:44+00:00;35,76;35,77;35,77;1800;1730380124537;buy;1800,0
2024-10-31 13:08:44+00:00;35,76;35,77;35,77;3900;1730380124538;buy;3900,0
2024-10-31 13:08:44+00:00;35,76;35,77;35,78;16100;1730380124569;buy;16100,0
2024-10-31 13:08:44+00:00;35,76;35,77;35,78;10600;1730380124572;buy;10600,0
2024-10-31 13:08:44+00:00;35,76;35,77;35,78;3700;1730380124572;buy;3700,0
2024-10-31 13:08:46+00:00;35,77;35,78;35,78;300;1730380126127;buy;300,0
2024-10-31 13:08:48+00:00;35,77;35,78;35,78;200;1730380128002;buy;200,0
2024-10-31 13:08:50+00:00;35,77;35,78;35,78;300;1730380130068;buy;300,0
2024-10-31 13:08:52+00:00;35,77;35,78;35,78;200;1730380132147;buy;200,0
2024-10-31 13:08:54+00:00;35,77;35,78;35,78;300;1730380134174;buy;300,0
2024-10-31 13:08:56+00:00;35,77;35,78;35,78;200;1730380136055;buy;200,0
2024-10-31 13:08:59+00:00;35,77;35,78;35,78;300;1730380139149;buy;300,0
2024-10-31 13:09:00+00:00;35,77;35,78;35,78;100;1730380140081;buy;100,0
2024-10-31 13:09:03+00:00;35,77;35,78;35,78;100;1730380143900;buy;100,0
2024-10-31 13:09:09+00:00;35,77;35,78;35,77;100;1730380149459;sell;100,0
2024-10-31 13:09:09+00:00;35,77;35,78;35,77;100;1730380149695;sell;100,0
2024-10-31 13:09:16+00:00;35,77;35,78;35,78;2800;1730380156875;buy;2800,0
2024-10-31 13:09:18+00:00;35,77;35,78;35,77;100;1730380158254;sell;100,0
2024-10-31 13:09:19+00:00;35,77;35,78;35,77;100;1730380159042;sell;100,0
2024-10-31 13:09:19+00:00;35,77;35,78;35,77;100;1730380159242;sell;100,0
2024-10-31 13:09:23+00:00;35,77;35,78;35,77;100;1730380163271;sell;100,0
2024-10-31 13:09:24+00:00;35,77;35,78;35,77;100;1730380164527;sell;100,0
2024-10-31 13:09:24+00:00;35,77;35,78;35,78;200;1730380164550;buy;200,0
2024-10-31 13:09:28+00:00;35,77;35,78;35,77;100;1730380168184;sell;100,0
2024-10-31 13:09:29+00:00;35,77;35,78;35,78;7500;1730380169751;buy;7500,0
2024-10-31 13:09:29+00:00;35,77;35,78;35,78;300;1730380169751;buy;300,0
2024-10-31 13:09:31+00:00;35,77;35,78;35,78;100;1730380171483;buy;100,0
2024-10-31 13:09:44+00:00;35,77;35,78;35,77;100;1730380184128;sell;100,0
2024-10-31 13:09:51+00:00;35,77;35,78;35,78;100;1730380191224;buy;100,0
2024-10-31 13:09:54+00:00;35,77;35,78;35,77;100;1730380194002;sell;100,0
2024-10-31 13:09:58+00:00;35,77;35,78;35,77;100;1730380198104;sell;100,0
2024-10-31 13:09:58+00:00;35,77;35,78;35,78;200;1730380198144;buy;200,0
2024-10-31 13:10:00+00:00;35,77;35,78;35,77;22700;1730380200407;sell;22700,0
2024-10-31 13:10:00+00:00;35,77;35,78;35,77;200;1730380200407;sell;200,0
2024-10-31 13:10:00+00:00;35,76;35,78;35,77;200;1730380200425;both;200,0
2024-10-31 13:10:03+00:00;35,76;35,77;35,77;100;1730380203763;buy;100,0
2024-10-31 13:10:04+00:00;35,76;35,77;35,77;100;1730380204022;buy;100,0
2024-10-31 13:10:04+00:00;35,76;35,77;35,76;100;1730380204366;sell;100,0
2024-10-31 13:10:06+00:00;35,76;35,77;35,76;1300;1730380206865;sell;1300,0
2024-10-31 13:10:09+00:00;35,76;35,77;35,76;100;1730380209048;sell;100,0
2024-10-31 13:10:10+00:00;35,76;35,77;35,76;100;1730380210010;sell;100,0
2024-10-31 13:10:15+00:00;35,76;35,77;35,76;100;1730380215248;sell;100,0
2024-10-31 13:10:16+00:00;35,76;35,77;35,76;9200;1730380216478;sell;9200,0
2024-10-31 13:10:16+00:00;35,76;35,77;35,76;10600;1730380216480;sell;10600,0
2024-10-31 13:10:18+00:00;35,75;35,77;35,77;100;1730380218139;buy;100,0
2024-10-31 13:10:19+00:00;35,75;35,77;35,75;2000;1730380219977;sell;2000,0
2024-10-31 13:10:19+00:00;35,75;35,77;35,75;9700;1730380219978;sell;9700,0
2024-10-31 13:10:22+00:00;35,74;35,77;35,74;100;1730380222111;sell;100,0
2024-10-31 13:10:26+00:00;35,74;35,77;35,74;100;1730380226419;sell;100,0
2024-10-31 13:10:27+00:00;35,74;35,76;35,75;100;1730380227774;both;100,0
2024-10-31 13:10:30+00:00;35,74;35,76;35,76;100;1730380230449;buy;100,0
2024-10-31 13:10:31+00:00;35,74;35,76;35,74;800;1730380231836;sell;800,0
2024-10-31 13:10:32+00:00;35,74;35,75;35,74;100;1730380232962;sell;100,0
2024-10-31 13:10:33+00:00;35,74;35,75;35,74;100;1730380233501;sell;100,0
2024-10-31 13:10:36+00:00;35,74;35,75;35,74;400;1730380236336;sell;400,0
2024-10-31 13:10:36+00:00;35,74;35,75;35,75;100;1730380236416;buy;100,0
2024-10-31 13:10:40+00:00;35,74;35,75;35,74;200;1730380240434;sell;200,0
2024-10-31 13:10:42+00:00;35,74;35,75;35,74;400;1730380242381;sell;400,0
2024-10-31 13:10:43+00:00;35,74;35,75;35,75;200;1730380243528;buy;200,0
2024-10-31 13:10:43+00:00;35,74;35,75;35,74;100;1730380243555;sell;100,0
2024-10-31 13:10:48+00:00;35,74;35,75;35,74;400;1730380248796;sell;400,0
2024-10-31 13:10:49+00:00;35,74;35,75;35,74;100;1730380249751;sell;100,0
2024-10-31 13:10:52+00:00;35,74;35,75;35,74;100;1730380252106;sell;100,0
2024-10-31 13:10:52+00:00;35,74;35,75;35,74;100;1730380252489;sell;100,0
2024-10-31 13:10:56+00:00;35,74;35,75;35,74;400;1730380256000;sell;400,0
2024-10-31 13:10:58+00:00;35,74;35,75;35,74;100;1730380258484;sell;100,0
2024-10-31 13:11:00+00:00;35,74;35,75;35,74;100;1730380260806;sell;100,0
2024-10-31 13:11:05+00:00;35,74;35,75;35,74;400;1730380265715;sell;400,0
2024-10-31 13:11:09+00:00;35,74;35,75;35,74;100;1730380269012;sell;100,0
2024-10-31 13:11:10+00:00;35,74;35,75;35,74;3400;1730380270915;sell;3400,0
2024-10-31 13:11:11+00:00;35,73;35,74;35,73;100;1730380271271;sell;100,0
2024-10-31 13:11:12+00:00;35,73;35,74;35,73;100;1730380272597;sell;100,0
2024-10-31 13:11:12+00:00;35,73;35,74;35,74;100;1730380272600;buy;100,0
2024-10-31 13:11:12+00:00;35,73;35,74;35,74;100;1730380272976;buy;100,0
2024-10-31 13:11:19+00:00;35,73;35,74;35,73;100;1730380279452;sell;100,0
2024-10-31 13:11:20+00:00;35,73;35,74;35,73;400;1730380280234;sell;400,0
2024-10-31 13:11:23+00:00;35,73;35,74;35,73;100;1730380283197;sell;100,0
2024-10-31 13:11:23+00:00;35,73;35,74;35,73;13400;1730380283705;sell;13400,0
2024-10-31 13:11:23+00:00;35,73;35,74;35,73;1700;1730380283705;sell;1700,0
2024-10-31 13:11:23+00:00;35,73;35,74;35,72;13300;1730380283706;sell;13300,0
2024-10-31 13:11:23+00:00;35,73;35,74;35,72;1600;1730380283706;sell;1600,0
2024-10-31 13:11:26+00:00;35,72;35,73;35,72;400;1730380286294;sell;400,0
2024-10-31 13:11:29+00:00;35,72;35,73;35,73;200;1730380289641;buy;200,0
2024-10-31 13:11:30+00:00;35,72;35,73;35,72;800;1730380290488;sell;800,0
2024-10-31 13:11:31+00:00;35,72;35,73;35,72;400;1730380291373;sell;400,0
2024-10-31 13:11:32+00:00;35,72;35,73;35,72;100;1730380292220;sell;100,0
2024-10-31 13:11:32+00:00;35,72;35,73;35,73;3000;1730380292502;buy;3000,0
2024-10-31 13:11:33+00:00;35,72;35,73;35,73;100;1730380293131;buy;100,0
2024-10-31 13:11:33+00:00;35,72;35,73;35,72;100;1730380293330;sell;100,0
2024-10-31 13:11:33+00:00;35,72;35,73;35,72;100;1730380293873;sell;100,0
2024-10-31 13:11:34+00:00;35,72;35,73;35,73;1200;1730380294324;buy;1200,0
2024-10-31 13:11:34+00:00;35,72;35,73;35,73;700;1730380294324;buy;700,0
2024-10-31 13:11:34+00:00;35,72;35,73;35,74;1100;1730380294324;buy;1100,0
2024-10-31 13:11:37+00:00;35,73;35,75;35,75;500;1730380297010;buy;500,0
2024-10-31 13:11:37+00:00;35,73;35,75;35,75;3000;1730380297395;buy;3000,0
2024-10-31 13:11:42+00:00;35,73;35,75;35,75;400;1730380302585;buy;400,0
2024-10-31 13:11:47+00:00;35,73;35,74;35,74;100;1730380307408;buy;100,0
2024-10-31 13:11:48+00:00;35,73;35,74;35,74;300;1730380308377;buy;300,0
2024-10-31 13:11:51+00:00;35,73;35,75;35,75;100;1730380311665;buy;100,0
2024-10-31 13:11:51+00:00;35,73;35,75;35,75;1400;1730380311961;buy;1400,0
2024-10-31 13:11:54+00:00;35,74;35,75;35,75;100;1730380314737;buy;100,0
2024-10-31 13:11:57+00:00;35,74;35,75;35,75;1500;1730380317172;buy;1500,0
2024-10-31 13:11:59+00:00;35,74;35,75;35,75;1400;1730380319129;buy;1400,0
2024-10-31 13:11:59+00:00;35,74;35,75;35,75;6000;1730380319141;buy;6000,0
2024-10-31 13:11:59+00:00;35,74;35,75;35,76;300;1730380319170;buy;300,0
2024-10-31 13:12:00+00:00;35,75;35,76;35,76;100;1730380320064;buy;100,0
2024-10-31 13:12:00+00:00;35,75;35,76;35,76;500;1730380320918;buy;500,0
2024-10-31 13:12:16+00:00;35,75;35,76;35,76;100;1730380336127;buy;100,0
2024-10-31 13:12:17+00:00;35,75;35,76;35,76;100;1730380337887;buy;100,0
2024-10-31 13:12:27+00:00;35,75;35,76;35,76;100;1730380347008;buy;100,0
2024-10-31 13:12:28+00:00;35,75;35,76;35,75;1400;1730380348161;sell;1400,0
2024-10-31 13:12:28+00:00;35,75;35,76;35,76;200;1730380348387;buy;200,0
2024-10-31 13:12:30+00:00;35,74;35,76;35,74;100;1730380350033;sell;100,0
2024-10-31 13:12:30+00:00;35,74;35,76;35,75;100;1730380350047;both;100,0
2024-10-31 13:12:31+00:00;35,74;35,75;35,75;100;1730380351110;buy;100,0
2024-10-31 13:12:36+00:00;35,74;35,75;35,75;100;1730380356645;buy;100,0
2024-10-31 13:12:39+00:00;35,74;35,75;35,74;100;1730380359240;sell;100,0
2024-10-31 13:12:43+00:00;35,74;35,75;35,75;100;1730380363002;buy;100,0
2024-10-31 13:12:51+00:00;35,74;35,75;35,74;100;1730380371284;sell;100,0
2024-10-31 13:12:52+00:00;35,74;35,75;35,74;100;1730380372893;sell;100,0
2024-10-31 13:12:59+00:00;35,74;35,75;35,74;100;1730380379448;sell;100,0
2024-10-31 13:13:02+00:00;35,74;35,75;35,74;100;1730380382899;sell;100,0
2024-10-31 13:13:04+00:00;35,74;35,75;35,74;100;1730380384481;sell;100,0
2024-10-31 13:13:05+00:00;35,74;35,75;35,74;300;1730380385355;sell;300,0
2024-10-31 13:13:10+00:00;35,74;35,75;35,74;100;1730380390564;sell;100,0
2024-10-31 13:13:12+00:00;35,74;35,75;35,75;100;1730380392725;buy;100,0
2024-10-31 13:13:13+00:00;35,74;35,75;35,74;100;1730380393263;sell;100,0
2024-10-31 13:13:14+00:00;35,74;35,75;35,74;100;1730380394622;sell;100,0
2024-10-31 13:13:16+00:00;35,74;35,75;35,74;800;1730380396682;sell;800,0
2024-10-31 13:13:18+00:00;35,73;35,75;35,75;100;1730380398916;buy;100,0
2024-10-31 13:13:21+00:00;35,73;35,75;35,73;400;1730380401388;sell;400,0
2024-10-31 13:13:23+00:00;35,73;35,75;35,73;100;1730380403953;sell;100,0
2024-10-31 13:13:25+00:00;35,73;35,75;35,73;100;1730380405297;sell;100,0
2024-10-31 13:13:25+00:00;35,73;35,75;35,73;100;1730380405822;sell;100,0
2024-10-31 13:13:26+00:00;35,73;35,74;35,73;100;1730380406084;sell;100,0
2024-10-31 13:13:32+00:00;35,72;35,74;35,72;100;1730380412604;sell;100,0
2024-10-31 13:13:33+00:00;35,72;35,74;35,72;800;1730380413578;sell;800,0
2024-10-31 13:13:34+00:00;35,72;35,74;35,74;100;1730380414555;buy;100,0
2024-10-31 13:13:36+00:00;35,72;35,74;35,72;100;1730380416015;sell;100,0
2024-10-31 13:13:37+00:00;35,72;35,74;35,72;100;1730380417404;sell;100,0
2024-10-31 13:13:37+00:00;35,72;35,73;35,73;200;1730380417608;buy;200,0
2024-10-31 13:13:38+00:00;35,72;35,73;35,72;400;1730380418665;sell;400,0
2024-10-31 13:13:39+00:00;35,72;35,73;35,73;100;1730380419329;buy;100,0
2024-10-31 13:13:41+00:00;35,72;35,73;35,72;100;1730380421436;sell;100,0
2024-10-31 13:13:45+00:00;35,72;35,73;35,72;200;1730380425372;sell;200,0
2024-10-31 13:13:45+00:00;35,72;35,73;35,73;4900;1730380425373;buy;4900,0
2024-10-31 13:13:45+00:00;35,72;35,73;35,73;200;1730380425382;buy;200,0
2024-10-31 13:13:48+00:00;35,72;35,74;35,74;100;1730380428574;buy;100,0
2024-10-31 13:13:51+00:00;35,72;35,74;35,74;100;1730380431051;buy;100,0
2024-10-31 13:13:55+00:00;35,73;35,74;35,74;100;1730380435150;buy;100,0
2024-10-31 13:14:00+00:00;35,73;35,74;35,74;100;1730380440647;buy;100,0
2024-10-31 13:14:03+00:00;35,73;35,74;35,74;600;1730380443654;buy;600,0
2024-10-31 13:14:03+00:00;35,73;35,74;35,74;200;1730380443654;buy;200,0
2024-10-31 13:14:08+00:00;35,74;35,75;35,75;100;1730380448295;buy;100,0
2024-10-31 13:14:14+00:00;35,74;35,75;35,74;500;1730380454778;sell;500,0
2024-10-31 13:14:14+00:00;35,74;35,75;35,74;700;1730380454778;sell;700,0
2024-10-31 13:14:25+00:00;35,73;35,74;35,74;200;1730380465388;buy;200,0
2024-10-31 13:14:38+00:00;35,73;35,74;35,73;100;1730380478713;sell;100,0
2024-10-31 13:14:41+00:00;35,73;35,74;35,74;2700;1730380481821;buy;2700,0
2024-10-31 13:14:41+00:00;35,73;35,74;35,74;300;1730380481821;buy;300,0
2024-10-31 13:14:42+00:00;35,73;35,74;35,74;100;1730380482726;buy;100,0
2024-10-31 13:14:55+00:00;35,73;35,74;35,73;100;1730380495815;sell;100,0
2024-10-31 13:15:02+00:00;35,73;35,74;35,74;100;1730380502103;buy;100,0
2024-10-31 13:15:02+00:00;35,73;35,74;35,73;100;1730380502117;sell;100,0
2024-10-31 13:15:06+00:00;35,73;35,74;35,73;100;1730380506844;sell;100,0
2024-10-31 13:15:10+00:00;35,73;35,74;35,74;700;1730380510640;buy;700,0
2024-10-31 13:15:14+00:00;35,73;35,74;35,74;2600;1730380514504;buy;2600,0
2024-10-31 13:15:14+00:00;35,73;35,74;35,74;700;1730380514508;buy;700,0
2024-10-31 13:15:14+00:00;35,73;35,74;35,75;1200;1730380514517;buy;1200,0
2024-10-31 13:15:14+00:00;35,73;35,74;35,75;1300;1730380514553;buy;1300,0
2024-10-31 13:15:14+00:00;35,73;35,74;35,76;200;1730380514560;buy;200,0
2024-10-31 13:15:18+00:00;35,74;35,75;35,75;100;1730380518750;buy;100,0
2024-10-31 13:15:24+00:00;35,74;35,76;35,76;100;1730380524899;buy;100,0
2024-10-31 13:15:28+00:00;35,74;35,76;35,75;100;1730380528594;both;100,0
2024-10-31 13:15:28+00:00;35,74;35,76;35,75;100;1730380528612;both;100,0
2024-10-31 13:15:33+00:00;35,75;35,76;35,76;100;1730380533100;buy;100,0
2024-10-31 13:15:37+00:00;35,75;35,76;35,76;100;1730380537400;buy;100,0
2024-10-31 13:15:40+00:00;35,75;35,76;35,75;100;1730380540167;sell;100,0
2024-10-31 13:15:43+00:00;35,75;35,76;35,76;1400;1730380543783;buy;1400,0
2024-10-31 13:15:49+00:00;35,75;35,76;35,76;1500;1730380549598;buy;1500,0
2024-10-31 13:15:49+00:00;35,75;35,76;35,76;900;1730380549598;buy;900,0
2024-10-31 13:15:49+00:00;35,75;35,76;35,76;3100;1730380549598;buy;3100,0
2024-10-31 13:15:54+00:00;35,75;35,76;35,76;200;1730380554513;buy;200,0
2024-10-31 13:16:06+00:00;35,75;35,76;35,76;100;1730380566657;buy;100,0
2024-10-31 13:16:07+00:00;35,75;35,76;35,76;200;1730380567012;buy;200,0
2024-10-31 13:16:19+00:00;35,75;35,76;35,75;3900;1730380579285;sell;3900,0
2024-10-31 13:16:19+00:00;35,75;35,76;35,75;200;1730380579294;sell;200,0
2024-10-31 13:16:20+00:00;35,74;35,75;35,74;100;1730380580077;sell;100,0
2024-10-31 13:16:24+00:00;35,74;35,75;35,74;100;1730380584824;sell;100,0
2024-10-31 13:16:27+00:00;35,74;35,75;35,75;100;1730380587461;buy;100,0
2024-10-31 13:16:31+00:00;35,74;35,75;35,74;100;1730380591923;sell;100,0
2024-10-31 13:16:36+00:00;35,74;35,75;35,74;100;1730380596955;sell;100,0
2024-10-31 13:16:42+00:00;35,74;35,75;35,74;100;1730380602855;sell;100,0
2024-10-31 13:16:46+00:00;35,74;35,75;35,74;400;1730380606015;sell;400,0
2024-10-31 13:16:47+00:00;35,74;35,75;35,74;100;1730380607729;sell;100,0
2024-10-31 13:16:47+00:00;35,74;35,75;35,75;100;1730380607744;buy;100,0
2024-10-31 13:16:48+00:00;35,74;35,75;35,74;100;1730380608097;sell;100,0
2024-10-31 13:16:48+00:00;35,74;35,75;35,75;100;1730380608755;buy;100,0
2024-10-31 13:16:50+00:00;35,74;35,75;35,74;400;1730380610204;sell;400,0
2024-10-31 13:16:51+00:00;35,73;35,75;35,73;100;1730380611064;sell;100,0
2024-10-31 13:16:53+00:00;35,73;35,75;35,73;100;1730380613329;sell;100,0
2024-10-31 13:16:53+00:00;35,73;35,75;35,74;100;1730380613446;both;100,0
2024-10-31 13:16:54+00:00;35,73;35,74;35,74;100;1730380614066;buy;100,0
2024-10-31 13:16:54+00:00;35,73;35,74;35,74;600;1730380614620;buy;600,0
2024-10-31 13:16:59+00:00;35,73;35,75;35,73;100;1730380619310;sell;100,0
2024-10-31 13:16:59+00:00;35,73;35,75;35,72;100;1730380619325;sell;100,0
2024-10-31 13:16:59+00:00;35,73;35,74;35,73;100;1730380619686;sell;100,0
2024-10-31 13:17:01+00:00;35,72;35,74;35,74;100;1730380621030;buy;100,0
2024-10-31 13:17:01+00:00;35,72;35,74;35,74;100;1730380621030;buy;100,0
2024-10-31 13:17:08+00:00;35,72;35,74;35,74;200;1730380628754;buy;200,0
2024-10-31 13:17:10+00:00;35,72;35,73;35,73;200;1730380630544;buy;200,0
2024-10-31 13:17:10+00:00;35,72;35,73;35,72;800;1730380630545;sell;800,0
2024-10-31 13:17:11+00:00;35,72;35,73;35,73;400;1730380631794;buy;400,0
2024-10-31 13:17:12+00:00;35,72;35,74;35,72;100;1730380632285;sell;100,0
2024-10-31 13:17:13+00:00;35,72;35,74;35,74;100;1730380633455;buy;100,0
2024-10-31 13:17:21+00:00;35,72;35,74;35,73;100;1730380641199;both;100,0
2024-10-31 13:17:21+00:00;35,72;35,74;35,72;800;1730380641733;sell;800,0
2024-10-31 13:17:25+00:00;35,72;35,74;35,74;100;1730380645711;buy;100,0
2024-10-31 13:17:27+00:00;35,72;35,74;35,74;100;1730380647541;buy;100,0
2024-10-31 13:17:27+00:00;35,72;35,74;35,73;100;1730380647692;both;100,0
2024-10-31 13:17:28+00:00;35,72;35,73;35,73;500;1730380648829;buy;500,0
2024-10-31 13:17:30+00:00;35,72;35,74;35,72;100;1730380650457;sell;100,0
2024-10-31 13:17:30+00:00;35,72;35,74;35,73;100;1730380650457;both;100,0
2024-10-31 13:17:30+00:00;35,72;35,74;35,74;100;1730380650668;buy;100,0
2024-10-31 13:17:35+00:00;35,72;35,73;35,73;400;1730380655723;buy;400,0
2024-10-31 13:17:35+00:00;35,72;35,73;35,74;2600;1730380655723;buy;2600,0
2024-10-31 13:17:35+00:00;35,72;35,74;35,72;800;1730380655997;sell;800,0
2024-10-31 13:17:36+00:00;35,72;35,74;35,73;100;1730380656110;both;100,0
2024-10-31 13:17:47+00:00;35,72;35,74;35,73;200;1730380667654;both;200,0
2024-10-31 13:17:48+00:00;35,73;35,74;35,73;800;1730380668816;sell;800,0
2024-10-31 13:17:51+00:00;35,73;35,74;35,73;200;1730380671725;sell;200,0
2024-10-31 13:17:51+00:00;35,73;35,74;35,74;200;1730380671810;buy;200,0
2024-10-31 13:17:53+00:00;35,73;35,74;35,73;100;1730380673253;sell;100,0
2024-10-31 13:17:55+00:00;35,73;35,74;35,74;100;1730380675884;buy;100,0
2024-10-31 13:17:57+00:00;35,73;35,74;35,74;100;1730380677167;buy;100,0
2024-10-31 13:17:58+00:00;35,73;35,74;35,73;400;1730380678865;sell;400,0
2024-10-31 13:18:03+00:00;35,73;35,74;35,73;100;1730380683538;sell;100,0
2024-10-31 13:18:03+00:00;35,73;35,74;35,73;300;1730380683575;sell;300,0
2024-10-31 13:18:03+00:00;35,73;35,74;35,73;100;1730380683575;sell;100,0
2024-10-31 13:18:05+00:00;35,73;35,74;35,73;100;1730380685374;sell;100,0
2024-10-31 13:18:05+00:00;35,73;35,74;35,72;100;1730380685478;sell;100,0
2024-10-31 13:18:05+00:00;35,72;35,73;35,73;200;1730380685628;buy;200,0
2024-10-31 13:18:06+00:00;35,72;35,73;35,73;100;1730380686877;buy;100,0
2024-10-31 13:18:09+00:00;35,72;35,73;35,73;1700;1730380689852;buy;1700,0
2024-10-31 13:18:09+00:00;35,72;35,73;35,74;1300;1730380689852;buy;1300,0
2024-10-31 13:18:13+00:00;35,72;35,74;35,74;100;1730380693009;buy;100,0
2024-10-31 13:18:23+00:00;35,72;35,74;35,72;800;1730380703726;sell;800,0
2024-10-31 13:18:26+00:00;35,72;35,74;35,72;100;1730380706007;sell;100,0
2024-10-31 13:18:27+00:00;35,72;35,73;35,73;200;1730380707558;buy;200,0
2024-10-31 13:18:28+00:00;35,72;35,74;35,74;200;1730380708677;buy;200,0
2024-10-31 13:18:34+00:00;35,72;35,74;35,72;800;1730380714105;sell;800,0
2024-10-31 13:18:37+00:00;35,72;35,74;35,73;100;1730380717206;both;100,0
2024-10-31 13:18:39+00:00;35,72;35,73;35,72;100;1730380719062;sell;100,0
2024-10-31 13:18:39+00:00;35,72;35,73;35,72;400;1730380719625;sell;400,0
2024-10-31 13:18:39+00:00;35,72;35,73;35,72;300;1730380719922;sell;300,0
2024-10-31 13:18:41+00:00;35,72;35,73;35,72;100;1730380721769;sell;100,0
2024-10-31 13:18:43+00:00;35,72;35,73;35,72;100;1730380723544;sell;100,0
2024-10-31 13:18:49+00:00;35,72;35,73;35,72;100;1730380729296;sell;100,0
2024-10-31 13:18:49+00:00;35,72;35,73;35,72;100;1730380729853;sell;100,0
2024-10-31 13:18:50+00:00;35,72;35,73;35,72;400;1730380730907;sell;400,0
2024-10-31 13:18:54+00:00;35,72;35,73;35,73;100;1730380734910;buy;100,0
2024-10-31 13:18:56+00:00;35,72;35,73;35,72;400;1730380736093;sell;400,0
2024-10-31 13:18:58+00:00;35,72;35,73;35,73;100;1730380738579;buy;100,0
2024-10-31 13:18:59+00:00;35,72;35,73;35,72;100;1730380739560;sell;100,0
2024-10-31 13:19:00+00:00;35,72;35,73;35,72;400;1730380740968;sell;400,0
2024-10-31 13:19:01+00:00;35,72;35,73;35,72;100;1730380741426;sell;100,0
2024-10-31 13:19:02+00:00;35,72;35,73;35,72;100;1730380742555;sell;100,0
2024-10-31 13:19:07+00:00;35,72;35,73;35,72;100;1730380747097;sell;100,0
2024-10-31 13:19:09+00:00;35,72;35,73;35,73;3000;1730380749662;buy;3000,0
2024-10-31 13:19:09+00:00;35,72;35,73;35,73;2100;1730380749664;buy;2100,0
2024-10-31 13:19:09+00:00;35,72;35,73;35,73;400;1730380749799;buy;400,0
2024-10-31 13:19:11+00:00;35,72;35,73;35,73;100;1730380751503;buy;100,0
2024-10-31 13:19:18+00:00;35,72;35,74;35,73;100;1730380758294;both;100,0
2024-10-31 13:19:24+00:00;35,72;35,74;35,73;100;1730380764233;both;100,0
2024-10-31 13:19:31+00:00;35,72;35,73;35,72;100;1730380771948;sell;100,0
2024-10-31 13:19:32+00:00;35,72;35,73;35,73;200;1730380772460;buy;200,0
2024-10-31 13:19:36+00:00;35,72;35,73;35,73;100;1730380776711;buy;100,0
2024-10-31 13:19:37+00:00;35,72;35,73;35,73;300;1730380777795;buy;300,0
2024-10-31 13:19:41+00:00;35,72;35,73;35,73;100;1730380781830;buy;100,0
2024-10-31 13:19:49+00:00;35,72;35,73;35,73;200;1730380789669;buy;200,0
2024-10-31 13:19:53+00:00;35,72;35,73;35,72;100;1730380793331;sell;100,0
2024-10-31 13:19:57+00:00;35,72;35,73;35,72;100;1730380797559;sell;100,0
2024-10-31 13:19:59+00:00;35,72;35,73;35,72;100;1730380799450;sell;100,0
2024-10-31 13:20:08+00:00;35,72;35,73;35,72;100;1730380808096;sell;100,0
2024-10-31 13:20:08+00:00;35,72;35,73;35,72;100;1730380808720;sell;100,0
2024-10-31 13:20:09+00:00;35,72;35,73;35,72;100;1730380809293;sell;100,0
2024-10-31 13:20:10+00:00;35,72;35,73;35,72;14300;1730380810252;sell;14300,0
2024-10-31 13:20:10+00:00;35,72;35,73;35,72;100;1730380810252;sell;100,0
2024-10-31 13:20:13+00:00;35,71;35,72;35,71;100;1730380813086;sell;100,0
2024-10-31 13:20:15+00:00;35,71;35,72;35,72;100;1730380815193;buy;100,0
2024-10-31 13:20:15+00:00;35,71;35,72;35,71;1000;1730380815886;sell;1000,0
2024-10-31 13:20:17+00:00;35,71;35,72;35,72;100;1730380817578;buy;100,0
2024-10-31 13:20:18+00:00;35,71;35,72;35,72;100;1730380818705;buy;100,0
2024-10-31 13:20:19+00:00;35,71;35,72;35,71;200;1730380819098;sell;200,0
2024-10-31 13:20:21+00:00;35,71;35,72;35,71;100;1730380821382;sell;100,0
2024-10-31 13:20:25+00:00;35,71;35,72;35,71;200;1730380825516;sell;200,0
2024-10-31 13:20:25+00:00;35,71;35,72;35,71;100;1730380825516;sell;100,0
2024-10-31 13:20:28+00:00;35,71;35,72;35,71;100;1730380828138;sell;100,0
2024-10-31 13:20:30+00:00;35,71;35,72;35,72;1000;1730380830121;buy;1000,0
2024-10-31 13:20:30+00:00;35,71;35,72;35,71;2000;1730380830751;sell;2000,0
2024-10-31 13:20:31+00:00;35,71;35,72;35,71;100;1730380831993;sell;100,0
2024-10-31 13:20:35+00:00;35,71;35,72;35,71;300;1730380835792;sell;300,0
2024-10-31 13:20:36+00:00;35,71;35,72;35,71;500;1730380836485;sell;500,0
2024-10-31 13:20:37+00:00;35,71;35,72;35,72;100;1730380837062;buy;100,0
2024-10-31 13:20:37+00:00;35,71;35,72;35,71;100;1730380837624;sell;100,0
2024-10-31 13:20:40+00:00;35,71;35,72;35,71;100;1730380840070;sell;100,0
2024-10-31 13:20:41+00:00;35,71;35,72;35,72;500;1730380841374;buy;500,0
2024-10-31 13:20:41+00:00;35,71;35,72;35,71;300;1730380841903;sell;300,0
2024-10-31 13:20:43+00:00;35,71;35,72;35,71;100;1730380843137;sell;100,0
2024-10-31 13:20:45+00:00;35,71;35,72;35,71;300;1730380845500;sell;300,0
2024-10-31 13:20:45+00:00;35,71;35,72;35,72;3000;1730380845710;buy;3000,0
2024-10-31 13:20:45+00:00;35,71;35,72;35,72;1600;1730380845902;buy;1600,0
2024-10-31 13:20:47+00:00;35,71;35,72;35,72;3000;1730380847101;buy;3000,0
2024-10-31 13:20:48+00:00;35,71;35,72;35,71;100;1730380848090;sell;100,0
2024-10-31 13:20:48+00:00;35,71;35,72;35,72;6600;1730380848516;buy;6600,0
2024-10-31 13:20:48+00:00;35,71;35,72;35,72;800;1730380848517;buy;800,0
2024-10-31 13:20:50+00:00;35,71;35,72;35,72;3000;1730380850109;buy;3000,0
2024-10-31 13:20:50+00:00;35,71;35,72;35,72;800;1730380850112;buy;800,0
2024-10-31 13:20:50+00:00;35,71;35,72;35,72;300;1730380850146;buy;300,0
2024-10-31 13:20:50+00:00;35,71;35,72;35,71;200;1730380850265;sell;200,0
2024-10-31 13:20:52+00:00;35,71;35,73;35,73;800;1730380852159;buy;800,0
2024-10-31 13:20:52+00:00;35,71;35,73;35,74;2200;1730380852159;buy;2200,0
2024-10-31 13:20:58+00:00;35,72;35,73;35,73;100;1730380858950;buy;100,0
2024-10-31 13:20:58+00:00;35,72;35,73;35,74;2600;1730380858950;buy;2600,0
2024-10-31 13:21:01+00:00;35,72;35,74;35,74;100;1730380861076;buy;100,0
2024-10-31 13:21:01+00:00;35,72;35,74;35,74;100;1730380861093;buy;100,0
2024-10-31 13:21:15+00:00;35,72;35,73;35,72;100;1730380875201;sell;100,0
2024-10-31 13:21:18+00:00;35,72;35,73;35,72;700;1730380878210;sell;700,0
2024-10-31 13:21:18+00:00;35,72;35,73;35,71;300;1730380878210;sell;300,0
2024-10-31 13:21:26+00:00;35,71;35,73;35,72;100;1730380886247;both;100,0
2024-10-31 13:21:29+00:00;35,72;35,73;35,72;100;1730380889845;sell;100,0
2024-10-31 13:21:31+00:00;35,72;35,73;35,73;100;1730380891613;buy;100,0
2024-10-31 13:21:37+00:00;35,72;35,73;35,73;300;1730380897711;buy;300,0
2024-10-31 13:21:37+00:00;35,72;35,73;35,73;700;1730380897711;buy;700,0
2024-10-31 13:21:38+00:00;35,72;35,73;35,72;100;1730380898755;sell;100,0
2024-10-31 13:21:38+00:00;35,72;35,73;35,72;100;1730380898972;sell;100,0
2024-10-31 13:21:42+00:00;35,72;35,73;35,73;100;1730380902963;buy;100,0
2024-10-31 13:21:47+00:00;35,72;35,73;35,73;100;1730380907778;buy;100,0
2024-10-31 13:21:49+00:00;35,72;35,73;35,72;100;1730380909149;sell;100,0
2024-10-31 13:21:50+00:00;35,72;35,73;35,72;100;1730380910078;sell;100,0
2024-10-31 13:21:56+00:00;35,72;35,73;35,72;1300;1730380916806;sell;1300,0
2024-10-31 13:21:56+00:00;35,72;35,73;35,72;300;1730380916806;sell;300,0
2024-10-31 13:21:57+00:00;35,71;35,72;35,72;1800;1730380917542;buy;1800,0
2024-10-31 13:22:00+00:00;35,71;35,72;35,72;100;1730380920492;buy;100,0
2024-10-31 13:22:00+00:00;35,71;35,72;35,71;100;1730380920494;sell;100,0
2024-10-31 13:22:00+00:00;35,71;35,72;35,71;100;1730380920966;sell;100,0
2024-10-31 13:22:01+00:00;35,71;35,72;35,72;100;1730380921309;buy;100,0
2024-10-31 13:22:03+00:00;35,71;35,72;35,72;100;1730380923736;buy;100,0
2024-10-31 13:22:05+00:00;35,71;35,72;35,71;100;1730380925088;sell;100,0
2024-10-31 13:22:11+00:00;35,71;35,72;35,71;100;1730380931658;sell;100,0
2024-10-31 13:22:12+00:00;35,71;35,72;35,71;100;1730380932059;sell;100,0
2024-10-31 13:22:14+00:00;35,71;35,72;35,72;1000;1730380934201;buy;1000,0
2024-10-31 13:22:16+00:00;35,71;35,72;35,72;100;1730380936295;buy;100,0
2024-10-31 13:22:18+00:00;35,71;35,72;35,71;100;1730380938517;sell;100,0
2024-10-31 13:22:18+00:00;35,71;35,72;35,72;100;1730380938543;buy;100,0
2024-10-31 13:22:21+00:00;35,71;35,72;35,72;100;1730380941283;buy;100,0
2024-10-31 13:22:22+00:00;35,71;35,72;35,71;100;1730380942181;sell;100,0
2024-10-31 13:22:22+00:00;35,71;35,72;35,71;100;1730380942972;sell;100,0
2024-10-31 13:22:24+00:00;35,71;35,72;35,72;100;1730380944125;buy;100,0
2024-10-31 13:22:24+00:00;35,71;35,72;35,72;100;1730380944858;buy;100,0
2024-10-31 13:22:28+00:00;35,71;35,72;35,71;100;1730380948843;sell;100,0
2024-10-31 13:22:29+00:00;35,71;35,72;35,71;100;1730380949934;sell;100,0
2024-10-31 13:22:31+00:00;35,71;35,72;35,72;2000;1730380951255;buy;2000,0
2024-10-31 13:22:31+00:00;35,71;35,72;35,72;1000;1730380951255;buy;1000,0
2024-10-31 13:22:34+00:00;35,71;35,72;35,72;3000;1730380954329;buy;3000,0
2024-10-31 13:22:34+00:00;35,71;35,73;35,73;200;1730380954683;buy;200,0
2024-10-31 13:22:36+00:00;35,71;35,73;35,73;600;1730380956363;buy;600,0
2024-10-31 13:22:42+00:00;35,71;35,72;35,72;500;1730380962384;buy;500,0
2024-10-31 13:22:42+00:00;35,71;35,72;35,73;500;1730380962384;buy;500,0
2024-10-31 13:22:43+00:00;35,71;35,73;35,73;100;1730380963645;buy;100,0
2024-10-31 13:22:44+00:00;35,71;35,73;35,71;17400;1730380964842;sell;17400,0
2024-10-31 13:22:44+00:00;35,71;35,73;35,7;2500;1730380964842;sell;2500,0
2024-10-31 13:22:44+00:00;35,71;35,73;35,7;38500;1730380964842;sell;38500,0
2024-10-31 13:22:44+00:00;35,71;35,73;35,7;71000;1730380964842;sell;71000,0
2024-10-31 13:22:44+00:00;35,71;35,73;35,7;4800;1730380964842;sell;4800,0
2024-10-31 13:22:44+00:00;35,71;35,73;35,69;28000;1730380964842;sell;28000,0
2024-10-31 13:22:44+00:00;35,71;35,73;35,69;6200;1730380964842;sell;6200,0
2024-10-31 13:22:44+00:00;35,71;35,73;35,68;300;1730380964842;sell;300,0
2024-10-31 13:22:44+00:00;35,71;35,73;35,68;39600;1730380964842;sell;39600,0
2024-10-31 13:22:44+00:00;35,71;35,73;35,68;4900;1730380964842;sell;4900,0
2024-10-31 13:22:44+00:00;35,71;35,73;35,67;35800;1730380964842;sell;35800,0
2024-10-31 13:22:44+00:00;35,71;35,73;35,67;18100;1730380964842;sell;18100,0
2024-10-31 13:22:44+00:00;35,71;35,73;35,67;16200;1730380964843;sell;16200,0
2024-10-31 13:22:44+00:00;35,71;35,73;35,66;200;1730380964843;sell;200,0
2024-10-31 13:22:44+00:00;35,71;35,73;35,66;15500;1730380964843;sell;15500,0
2024-10-31 13:22:44+00:00;35,71;35,73;35,67;100;1730380964844;sell;100,0
2024-10-31 13:22:44+00:00;35,71;35,73;35,66;1000;1730380964844;sell;1000,0
2024-10-31 13:22:44+00:00;35,71;35,73;35,67;100;1730380964844;sell;100,0
2024-10-31 13:22:44+00:00;35,71;35,73;35,67;100;1730380964844;sell;100,0
2024-10-31 13:22:44+00:00;35,71;35,73;35,66;3000;1730380964844;sell;3000,0
2024-10-31 13:22:44+00:00;35,71;35,73;35,67;100;1730380964844;sell;100,0
2024-10-31 13:22:44+00:00;35,71;35,73;35,66;14900;1730380964844;sell;14900,0
2024-10-31 13:22:44+00:00;35,71;35,73;35,67;200;1730380964844;sell;200,0
2024-10-31 13:22:44+00:00;35,71;35,73;35,66;12100;1730380964844;sell;12100,0
2024-10-31 13:22:44+00:00;35,71;35,73;35,65;1700;1730380964844;sell;1700,0
2024-10-31 13:22:44+00:00;35,71;35,73;35,65;15100;1730380964844;sell;15100,0
2024-10-31 13:22:44+00:00;35,71;35,73;35,71;200;1730380964997;both;200,0
2024-10-31 13:22:45+00:00;35,65;35,72;35,71;2600;1730380965009;both;2600,0
2024-10-31 13:22:45+00:00;35,65;35,72;35,7;6000;1730380965112;both;6000,0
2024-10-31 13:22:45+00:00;35,65;35,72;35,7;1200;1730380965113;both;1200,0
2024-10-31 13:22:45+00:00;35,65;35,72;35,71;6100;1730380965119;both;6100,0
2024-10-31 13:22:45+00:00;35,65;35,72;35,71;1700;1730380965119;both;1700,0
2024-10-31 13:22:45+00:00;35,65;35,72;35,71;3700;1730380965147;both;3700,0
2024-10-31 13:22:45+00:00;35,65;35,72;35,7;3800;1730380965153;both;3800,0
2024-10-31 13:22:45+00:00;35,65;35,72;35,71;100;1730380965215;both;100,0
2024-10-31 13:22:45+00:00;35,65;35,72;35,71;100;1730380965244;both;100,0
2024-10-31 13:22:49+00:00;35,7;35,71;35,7;400;1730380969948;sell;400,0
2024-10-31 13:22:50+00:00;35,69;35,7;35,69;4400;1730380970342;sell;4400,0
2024-10-31 13:22:50+00:00;35,69;35,7;35,7;7500;1730380970350;buy;7500,0
2024-10-31 13:22:51+00:00;35,69;35,7;35,7;8200;1730380971102;buy;8200,0
2024-10-31 13:22:51+00:00;35,69;35,7;35,7;1600;1730380971102;buy;1600,0
2024-10-31 13:22:51+00:00;35,69;35,7;35,71;1400;1730380971121;buy;1400,0
2024-10-31 13:22:51+00:00;35,69;35,7;35,71;1400;1730380971170;buy;1400,0
2024-10-31 13:22:51+00:00;35,69;35,7;35,71;800;1730380971188;buy;800,0
2024-10-31 13:22:52+00:00;35,69;35,72;35,71;1400;1730380972016;both;1400,0
2024-10-31 13:22:52+00:00;35,69;35,72;35,71;1400;1730380972032;both;1400,0
2024-10-31 13:22:52+00:00;35,69;35,72;35,72;500;1730380972799;buy;500,0
2024-10-31 13:22:54+00:00;35,69;35,72;35,71;300;1730380974850;both;300,0
2024-10-31 13:23:06+00:00;35,7;35,72;35,72;100;1730380986987;buy;100,0
2024-10-31 13:23:13+00:00;35,7;35,71;35,7;100;1730380993205;sell;100,0
2024-10-31 13:23:13+00:00;35,7;35,71;35,71;200;1730380993422;buy;200,0
2024-10-31 13:23:13+00:00;35,7;35,71;35,71;300;1730380993422;buy;300,0
2024-10-31 13:23:17+00:00;35,7;35,71;35,71;100;1730380997844;buy;100,0
2024-10-31 13:23:18+00:00;35,7;35,71;35,7;100;1730380998847;sell;100,0
2024-10-31 13:23:21+00:00;35,7;35,71;35,71;100;1730381001102;buy;100,0
2024-10-31 13:23:21+00:00;35,7;35,71;35,71;1300;1730381001828;buy;1300,0
2024-10-31 13:23:21+00:00;35,7;35,71;35,71;100;1730381001828;buy;100,0
2024-10-31 13:23:21+00:00;35,7;35,71;35,72;1600;1730381001828;buy;1600,0
2024-10-31 13:23:23+00:00;35,7;35,72;35,72;600;1730381003151;buy;600,0
2024-10-31 13:23:25+00:00;35,7;35,72;35,7;200;1730381005013;sell;200,0
2024-10-31 13:23:35+00:00;35,7;35,71;35,71;100;1730381015291;buy;100,0
2024-10-31 13:23:36+00:00;35,7;35,71;35,71;100;1730381016833;buy;100,0
2024-10-31 13:23:37+00:00;35,7;35,71;35,71;1500;1730381017784;buy;1500,0
2024-10-31 13:23:39+00:00;35,7;35,71;35,71;300;1730381019057;buy;300,0
2024-10-31 13:23:39+00:00;35,7;35,71;35,72;100;1730381019061;buy;100,0
2024-10-31 13:23:47+00:00;35,7;35,72;35,71;100;1730381027368;both;100,0
2024-10-31 13:23:48+00:00;35,7;35,72;35,72;100;1730381028924;buy;100,0
2024-10-31 13:23:49+00:00;35,7;35,72;35,71;9000;1730381029894;both;9000,0
2024-10-31 13:23:50+00:00;35,7;35,72;35,71;2700;1730381030200;both;2700,0
2024-10-31 13:24:00+00:00;35,71;35,72;35,72;100;1730381040581;buy;100,0
2024-10-31 13:24:03+00:00;35,71;35,72;35,71;100;1730381043388;sell;100,0
2024-10-31 13:24:06+00:00;35,71;35,72;35,72;200;1730381046560;buy;200,0
2024-10-31 13:24:08+00:00;35,71;35,72;35,71;100;1730381048425;sell;100,0
2024-10-31 13:24:09+00:00;35,71;35,72;35,72;200;1730381049561;buy;200,0
2024-10-31 13:24:13+00:00;35,71;35,72;35,71;100;1730381053834;sell;100,0
2024-10-31 13:24:14+00:00;35,71;35,72;35,71;100;1730381054395;sell;100,0
2024-10-31 13:24:17+00:00;35,71;35,72;35,72;200;1730381057794;buy;200,0
2024-10-31 13:24:20+00:00;35,71;35,72;35,72;200;1730381060465;buy;200,0
2024-10-31 13:24:20+00:00;35,71;35,72;35,71;100;1730381060947;sell;100,0
2024-10-31 13:24:23+00:00;35,71;35,72;35,71;12900;1730381063247;sell;12900,0
2024-10-31 13:24:23+00:00;35,71;35,72;35,71;7600;1730381063247;sell;7600,0
2024-10-31 13:24:23+00:00;35,71;35,72;35,71;7900;1730381063267;sell;7900,0
2024-10-31 13:24:23+00:00;35,71;35,72;35,71;5100;1730381063268;sell;5100,0
2024-10-31 13:24:23+00:00;35,71;35,72;35,7;800;1730381063347;sell;800,0
2024-10-31 13:24:23+00:00;35,71;35,72;35,7;300;1730381063347;sell;300,0
2024-10-31 13:24:23+00:00;35,71;35,72;35,7;1900;1730381063347;sell;1900,0
2024-10-31 13:24:23+00:00;35,7;35,71;35,7;1500;1730381063510;sell;1500,0
2024-10-31 13:24:23+00:00;35,7;35,71;35,7;1100;1730381063620;sell;1100,0
2024-10-31 13:24:23+00:00;35,7;35,71;35,7;100;1730381063653;sell;100,0
2024-10-31 13:24:26+00:00;35,69;35,71;35,69;100;1730381066393;sell;100,0
2024-10-31 13:24:27+00:00;35,69;35,7;35,69;100;1730381067333;sell;100,0
2024-10-31 13:24:30+00:00;35,69;35,7;35,69;100;1730381070724;sell;100,0
2024-10-31 13:24:30+00:00;35,69;35,7;35,7;600;1730381070727;buy;600,0
2024-10-31 13:24:30+00:00;35,69;35,7;35,7;4600;1730381070727;buy;4600,0
2024-10-31 13:24:30+00:00;35,69;35,7;35,71;1400;1730381070770;buy;1400,0
2024-10-31 13:24:30+00:00;35,69;35,7;35,71;1500;1730381070810;buy;1500,0
2024-10-31 13:24:30+00:00;35,69;35,7;35,71;500;1730381070844;buy;500,0
2024-10-31 13:24:36+00:00;35,69;35,71;35,71;200;1730381076722;buy;200,0
2024-10-31 13:24:48+00:00;35,69;35,71;35,7;200;1730381088956;both;200,0
2024-10-31 13:24:57+00:00;35,69;35,71;35,7;300;1730381097995;both;300,0
2024-10-31 13:25:02+00:00;35,69;35,71;35,69;100;1730381102062;sell;100,0
2024-10-31 13:25:03+00:00;35,69;35,71;35,69;200;1730381103263;sell;200,0
2024-10-31 13:25:04+00:00;35,69;35,71;35,7;100;1730381104962;both;100,0
2024-10-31 13:25:04+00:00;35,69;35,71;35,7;100;1730381104966;both;100,0
2024-10-31 13:25:04+00:00;35,69;35,71;35,71;2900;1730381104966;buy;2900,0
2024-10-31 13:25:06+00:00;35,69;35,71;35,71;3000;1730381106555;buy;3000,0
2024-10-31 13:25:08+00:00;35,69;35,71;35,71;3000;1730381108274;buy;3000,0
2024-10-31 13:25:10+00:00;35,69;35,71;35,7;200;1730381110267;both;200,0
2024-10-31 13:25:12+00:00;35,69;35,71;35,71;100;1730381112899;buy;100,0
2024-10-31 13:25:21+00:00;35,69;35,71;35,7;200;1730381121272;both;200,0
2024-10-31 13:25:28+00:00;35,69;35,71;35,71;4400;1730381128279;buy;4400,0
2024-10-31 13:25:28+00:00;35,69;35,71;35,71;200;1730381128280;buy;200,0
2024-10-31 13:25:28+00:00;35,69;35,71;35,71;300;1730381128299;buy;300,0
2024-10-31 13:25:31+00:00;35,7;35,72;35,72;100;1730381131645;buy;100,0
2024-10-31 13:25:41+00:00;35,7;35,71;35,71;500;1730381141275;buy;500,0
2024-10-31 13:26:06+00:00;35,7;35,71;35,7;100;1730381166214;sell;100,0
2024-10-31 13:26:08+00:00;35,7;35,71;35,7;2500;1730381168074;sell;2500,0
2024-10-31 13:26:09+00:00;35,7;35,71;35,7;400;1730381169822;sell;400,0
2024-10-31 13:26:12+00:00;35,7;35,71;35,7;400;1730381172388;sell;400,0
2024-10-31 13:26:12+00:00;35,7;35,71;35,7;1000;1730381172526;sell;1000,0
2024-10-31 13:26:13+00:00;35,7;35,71;35,7;100;1730381173154;sell;100,0
2024-10-31 13:26:14+00:00;35,7;35,71;35,7;400;1730381174399;sell;400,0
2024-10-31 13:26:16+00:00;35,7;35,71;35,71;100;1730381176852;buy;100,0
2024-10-31 13:26:18+00:00;35,7;35,71;35,7;100;1730381178042;sell;100,0
2024-10-31 13:26:18+00:00;35,7;35,71;35,7;100;1730381178675;sell;100,0
2024-10-31 13:26:18+00:00;35,7;35,71;35,7;400;1730381178700;sell;400,0
2024-10-31 13:26:19+00:00;35,7;35,71;35,71;100;1730381179884;buy;100,0
2024-10-31 13:26:25+00:00;35,7;35,71;35,7;100;1730381185468;sell;100,0
2024-10-31 13:26:25+00:00;35,7;35,71;35,71;100;1730381185601;buy;100,0
2024-10-31 13:26:29+00:00;35,7;35,71;35,7;400;1730381189248;sell;400,0
2024-10-31 13:26:30+00:00;35,7;35,71;35,7;100;1730381190078;sell;100,0
2024-10-31 13:26:33+00:00;35,7;35,71;35,7;100;1730381193097;sell;100,0
2024-10-31 13:26:36+00:00;35,7;35,71;35,71;1600;1730381196288;buy;1600,0
2024-10-31 13:26:36+00:00;35,7;35,71;35,71;400;1730381196288;buy;400,0
2024-10-31 13:26:36+00:00;35,7;35,71;35,7;100;1730381196550;sell;100,0
2024-10-31 13:26:40+00:00;35,7;35,71;35,7;100;1730381200695;sell;100,0
2024-10-31 13:26:41+00:00;35,7;35,71;35,7;100;1730381201344;sell;100,0
2024-10-31 13:26:42+00:00;35,7;35,71;35,7;100;1730381202169;sell;100,0
2024-10-31 13:26:44+00:00;35,7;35,71;35,71;100;1730381204865;buy;100,0
2024-10-31 13:26:51+00:00;35,7;35,71;35,7;100;1730381211236;sell;100,0
2024-10-31 13:26:53+00:00;35,7;35,71;35,7;100;1730381213928;sell;100,0
2024-10-31 13:26:54+00:00;35,7;35,71;35,7;200;1730381214255;sell;200,0
2024-10-31 13:26:58+00:00;35,7;35,71;35,7;100;1730381218061;sell;100,0
2024-10-31 13:26:58+00:00;35,7;35,71;35,7;100;1730381218913;sell;100,0
2024-10-31 13:26:59+00:00;35,7;35,71;35,71;500;1730381219840;buy;500,0
2024-10-31 13:27:00+00:00;35,7;35,71;35,71;100;1730381220424;buy;100,0
2024-10-31 13:27:00+00:00;35,7;35,71;35,7;300;1730381220425;sell;300,0
2024-10-31 13:27:02+00:00;35,7;35,71;35,7;100;1730381222604;sell;100,0
2024-10-31 13:27:03+00:00;35,7;35,71;35,71;100;1730381223839;buy;100,0
2024-10-31 13:27:09+00:00;35,7;35,71;35,7;1100;1730381229520;sell;1100,0
2024-10-31 13:27:09+00:00;35,7;35,71;35,7;100;1730381229907;sell;100,0
2024-10-31 13:27:14+00:00;35,7;35,71;35,7;500;1730381234746;sell;500,0
2024-10-31 13:27:16+00:00;35,7;35,71;35,7;100;1730381236348;sell;100,0
2024-10-31 13:27:17+00:00;35,7;35,71;35,7;100;1730381237593;sell;100,0
2024-10-31 13:27:20+00:00;35,7;35,71;35,7;100;1730381240654;sell;100,0
2024-10-31 13:27:23+00:00;35,7;35,71;35,7;400;1730381243471;sell;400,0
2024-10-31 13:27:23+00:00;35,7;35,71;35,71;100;1730381243885;buy;100,0
2024-10-31 13:27:24+00:00;35,7;35,71;35,71;100;1730381244028;buy;100,0
2024-10-31 13:27:25+00:00;35,7;35,71;35,7;100;1730381245254;sell;100,0
2024-10-31 13:27:26+00:00;35,7;35,71;35,71;300;1730381246774;buy;300,0
2024-10-31 13:27:34+00:00;35,7;35,71;35,71;3000;1730381254367;buy;3000,0
2024-10-31 13:27:34+00:00;35,7;35,71;35,7;400;1730381254602;sell;400,0
2024-10-31 13:27:35+00:00;35,7;35,71;35,71;100;1730381255588;buy;100,0
2024-10-31 13:27:35+00:00;35,7;35,71;35,71;600;1730381255862;buy;600,0
2024-10-31 13:27:37+00:00;35,7;35,71;35,7;100;1730381257043;sell;100,0
2024-10-31 13:27:38+00:00;35,7;35,71;35,7;100;1730381258082;sell;100,0
2024-10-31 13:27:41+00:00;35,7;35,71;35,71;100;1730381261615;buy;100,0
2024-10-31 13:27:44+00:00;35,7;35,71;35,7;100;1730381264142;sell;100,0
2024-10-31 13:27:44+00:00;35,7;35,71;35,71;100;1730381264828;buy;100,0
2024-10-31 13:27:45+00:00;35,7;35,71;35,7;400;1730381265085;sell;400,0
2024-10-31 13:27:45+00:00;35,7;35,71;35,71;400;1730381265654;buy;400,0
2024-10-31 13:27:47+00:00;35,7;35,71;35,7;100;1730381267936;sell;100,0
2024-10-31 13:27:48+00:00;35,7;35,71;35,71;200;1730381268089;buy;200,0
2024-10-31 13:27:48+00:00;35,7;35,71;35,7;100;1730381268680;sell;100,0
2024-10-31 13:27:49+00:00;35,7;35,71;35,7;4600;1730381269847;sell;4600,0
2024-10-31 13:27:49+00:00;35,7;35,71;35,69;100;1730381269872;sell;100,0
2024-10-31 13:27:50+00:00;35,69;35,7;35,69;400;1730381270591;sell;400,0
2024-10-31 13:27:52+00:00;35,69;35,7;35,7;100;1730381272932;buy;100,0
2024-10-31 13:27:53+00:00;35,69;35,7;35,7;400;1730381273231;buy;400,0
2024-10-31 13:27:56+00:00;35,69;35,7;35,69;100;1730381276402;sell;100,0
2024-10-31 13:27:56+00:00;35,69;35,7;35,69;400;1730381276714;sell;400,0
2024-10-31 13:27:57+00:00;35,69;35,7;35,7;600;1730381277238;buy;600,0
2024-10-31 13:27:57+00:00;35,69;35,7;35,7;6100;1730381277249;buy;6100,0
2024-10-31 13:27:57+00:00;35,69;35,7;35,7;1500;1730381277249;buy;1500,0
2024-10-31 13:27:59+00:00;35,69;35,7;35,7;300;1730381279241;buy;300,0
2024-10-31 13:27:59+00:00;35,69;35,7;35,7;1000;1730381279241;buy;1000,0
2024-10-31 13:28:00+00:00;35,7;35,71;35,71;200;1730381280354;buy;200,0
2024-10-31 13:28:01+00:00;35,7;35,71;35,71;100;1730381281131;buy;100,0
2024-10-31 13:28:05+00:00;35,7;35,71;35,71;100;1730381285152;buy;100,0
2024-10-31 13:28:16+00:00;35,7;35,71;35,7;100;1730381296159;sell;100,0
2024-10-31 13:28:21+00:00;35,7;35,71;35,7;100;1730381301337;sell;100,0
2024-10-31 13:28:22+00:00;35,7;35,71;35,71;100;1730381302134;buy;100,0
2024-10-31 13:28:23+00:00;35,7;35,71;35,71;1000;1730381303778;buy;1000,0
2024-10-31 13:28:23+00:00;35,7;35,71;35,71;2300;1730381303779;buy;2300,0
2024-10-31 13:28:23+00:00;35,7;35,71;35,71;2800;1730381303779;buy;2800,0
2024-10-31 13:28:23+00:00;35,7;35,71;35,71;2000;1730381303780;buy;2000,0
2024-10-31 13:28:23+00:00;35,7;35,71;35,71;200;1730381303805;buy;200,0
2024-10-31 13:28:37+00:00;35,7;35,71;35,71;100;1730381317333;buy;100,0
2024-10-31 13:28:37+00:00;35,7;35,71;35,71;1800;1730381317333;buy;1800,0
2024-10-31 13:28:43+00:00;35,7;35,72;35,71;200;1730381323975;both;200,0
2024-10-31 13:28:50+00:00;35,71;35,72;35,72;100;1730381330383;buy;100,0
2024-10-31 13:29:01+00:00;35,71;35,72;35,72;100;1730381341311;buy;100,0
2024-10-31 13:29:03+00:00;35,71;35,72;35,72;200;1730381343793;buy;200,0
2024-10-31 13:29:11+00:00;35,71;35,72;35,71;100;1730381351337;sell;100,0
2024-10-31 13:29:15+00:00;35,71;35,72;35,72;100;1730381355733;buy;100,0
2024-10-31 13:29:16+00:00;35,71;35,72;35,72;100;1730381356576;buy;100,0
2024-10-31 13:29:18+00:00;35,71;35,72;35,71;100;1730381358385;sell;100,0
2024-10-31 13:29:19+00:00;35,71;35,72;35,71;100;1730381359185;sell;100,0
2024-10-31 13:29:28+00:00;35,71;35,72;35,72;100;1730381368494;buy;100,0
2024-10-31 13:29:28+00:00;35,71;35,72;35,71;100;1730381368497;sell;100,0
2024-10-31 13:29:29+00:00;35,71;35,72;35,72;100;1730381369162;buy;100,0
2024-10-31 13:29:29+00:00;35,71;35,72;35,71;100;1730381369296;sell;100,0
2024-10-31 13:29:32+00:00;35,71;35,72;35,72;4400;1730381372535;buy;4400,0
2024-10-31 13:29:32+00:00;35,71;35,72;35,72;500;1730381372535;buy;500,0
2024-10-31 13:29:32+00:00;35,71;35,72;35,72;400;1730381372574;buy;400,0
2024-10-31 13:29:32+00:00;35,71;35,72;35,72;2500;1730381372593;buy;2500,0
2024-10-31 13:29:32+00:00;35,71;35,72;35,73;400;1730381372600;buy;400,0
2024-10-31 13:29:32+00:00;35,71;35,72;35,73;100;1730381372600;buy;100,0
2024-10-31 13:29:32+00:00;35,71;35,72;35,73;100;1730381372703;buy;100,0
2024-10-31 13:29:35+00:00;35,72;35,73;35,72;500;1730381375633;sell;500,0
2024-10-31 13:29:35+00:00;35,72;35,73;35,71;2600;1730381375633;sell;2600,0
2024-10-31 13:29:35+00:00;35,72;35,73;35,73;100;1730381375749;buy;100,0
2024-10-31 13:29:35+00:00;35,72;35,73;35,73;100;1730381375975;buy;100,0
2024-10-31 13:29:44+00:00;35,72;35,73;35,73;4000;1730381384114;buy;4000,0
2024-10-31 13:29:49+00:00;35,72;35,73;35,73;100;1730381389262;buy;100,0
2024-10-31 13:29:50+00:00;35,72;35,73;35,73;100;1730381390165;buy;100,0
2024-10-31 13:29:55+00:00;35,72;35,73;35,73;100;1730381395746;buy;100,0
2024-10-31 13:30:00+00:00;35,72;35,73;35,73;200;1730381400668;buy;200,0
2024-10-31 13:30:01+00:00;35,72;35,73;35,72;100;1730381401917;sell;100,0
2024-10-31 13:30:02+00:00;35,72;35,73;35,72;100;1730381402441;sell;100,0
2024-10-31 13:30:02+00:00;35,72;35,73;35,73;100;1730381402570;buy;100,0
2024-10-31 13:30:03+00:00;35,72;35,73;35,73;100;1730381403753;buy;100,0
2024-10-31 13:30:04+00:00;35,72;35,73;35,73;200;1730381404090;buy;200,0
2024-10-31 13:30:04+00:00;35,72;35,73;35,72;1000;1730381404138;sell;1000,0
2024-10-31 13:30:08+00:00;35,72;35,73;35,72;100;1730381408412;sell;100,0
2024-10-31 13:30:08+00:00;35,71;35,72;35,71;100;1730381408835;sell;100,0
2024-10-31 13:30:12+00:00;35,71;35,72;35,72;100;1730381412398;buy;100,0
2024-10-31 13:30:13+00:00;35,71;35,72;35,71;100;1730381413921;sell;100,0
2024-10-31 13:30:14+00:00;35,71;35,72;35,71;200;1730381414224;sell;200,0
2024-10-31 13:30:15+00:00;35,7;35,72;35,7;5900;1730381415597;sell;5900,0
2024-10-31 13:30:15+00:00;35,7;35,72;35,71;100;1730381415597;both;100,0
2024-10-31 13:30:15+00:00;35,7;35,72;35,7;9900;1730381415597;sell;9900,0
2024-10-31 13:30:15+00:00;35,7;35,72;35,72;100;1730381415623;buy;100,0
2024-10-31 13:30:15+00:00;35,7;35,72;35,72;100;1730381415676;buy;100,0
2024-10-31 13:30:17+00:00;35,7;35,72;35,72;300;1730381417211;buy;300,0
2024-10-31 13:30:25+00:00;35,7;35,72;35,7;100;1730381425261;sell;100,0
2024-10-31 13:30:35+00:00;35,7;35,71;35,7;100;1730381435388;sell;100,0
2024-10-31 13:30:35+00:00;35,7;35,71;35,7;400;1730381435956;sell;400,0
2024-10-31 13:30:39+00:00;35,7;35,71;35,7;100;1730381439207;sell;100,0
2024-10-31 13:30:40+00:00;35,7;35,71;35,71;100;1730381440733;buy;100,0
2024-10-31 13:30:40+00:00;35,7;35,71;35,7;400;1730381440845;sell;400,0
2024-10-31 13:30:41+00:00;35,7;35,71;35,7;100;1730381441934;sell;100,0
2024-10-31 13:30:42+00:00;35,7;35,71;35,71;100;1730381442365;buy;100,0
2024-10-31 13:30:43+00:00;35,7;35,71;35,71;100;1730381443093;buy;100,0
2024-10-31 13:30:46+00:00;35,7;35,71;35,7;400;1730381446010;sell;400,0
2024-10-31 13:30:46+00:00;35,7;35,71;35,7;100;1730381446798;sell;100,0
2024-10-31 13:30:47+00:00;35,7;35,71;35,71;100;1730381447063;buy;100,0
2024-10-31 13:30:47+00:00;35,7;35,71;35,7;100;1730381447066;sell;100,0
2024-10-31 13:30:48+00:00;35,7;35,71;35,71;100;1730381448740;buy;100,0
2024-10-31 13:30:50+00:00;35,7;35,71;35,7;100;1730381450856;sell;100,0
2024-10-31 13:30:51+00:00;35,7;35,71;35,7;400;1730381451398;sell;400,0
2024-10-31 13:30:58+00:00;35,7;35,71;35,7;100;1730381458688;sell;100,0
2024-10-31 13:30:59+00:00;35,7;35,71;35,7;100;1730381459598;sell;100,0
2024-10-31 13:31:01+00:00;35,7;35,71;35,7;400;1730381461358;sell;400,0
2024-10-31 13:31:04+00:00;35,7;35,71;35,7;100;1730381464205;sell;100,0
2024-10-31 13:31:05+00:00;35,7;35,71;35,7;100;1730381465021;sell;100,0
2024-10-31 13:31:06+00:00;35,7;35,71;35,7;400;1730381466619;sell;400,0
2024-10-31 13:31:07+00:00;35,7;35,71;35,71;100;1730381467189;buy;100,0
2024-10-31 13:31:09+00:00;35,7;35,71;35,7;100;1730381469831;sell;100,0
2024-10-31 13:31:12+00:00;35,7;35,71;35,7;100;1730381472133;sell;100,0
2024-10-31 13:31:12+00:00;35,7;35,71;35,7;400;1730381472929;sell;400,0
2024-10-31 13:31:17+00:00;35,7;35,71;35,7;100;1730381477518;sell;100,0
2024-10-31 13:31:18+00:00;35,7;35,71;35,7;400;1730381478045;sell;400,0
2024-10-31 13:31:20+00:00;35,7;35,71;35,71;100;1730381480988;buy;100,0
2024-10-31 13:31:20+00:00;35,7;35,71;35,7;100;1730381480991;sell;100,0
2024-10-31 13:31:23+00:00;35,7;35,71;35,71;100;1730381483041;buy;100,0
2024-10-31 13:31:23+00:00;35,7;35,71;35,7;100;1730381483237;sell;100,0
2024-10-31 13:31:23+00:00;35,7;35,71;35,7;100;1730381483677;sell;100,0
2024-10-31 13:31:25+00:00;35,7;35,71;35,7;400;1730381485776;sell;400,0
2024-10-31 13:31:29+00:00;35,7;35,71;35,7;100;1730381489255;sell;100,0
2024-10-31 13:31:30+00:00;35,7;35,71;35,71;100;1730381490669;buy;100,0
2024-10-31 13:31:31+00:00;35,7;35,71;35,7;100;1730381491936;sell;100,0
2024-10-31 13:31:33+00:00;35,7;35,71;35,71;200;1730381493434;buy;200,0
2024-10-31 13:31:35+00:00;35,7;35,71;35,71;100;1730381495835;buy;100,0
2024-10-31 13:31:40+00:00;35,7;35,71;35,7;400;1730381500164;sell;400,0
2024-10-31 13:31:40+00:00;35,7;35,71;35,7;100;1730381500254;sell;100,0
2024-10-31 13:31:41+00:00;35,7;35,71;35,71;100;1730381501935;buy;100,0
2024-10-31 13:31:43+00:00;35,7;35,71;35,7;100;1730381503261;sell;100,0
2024-10-31 13:31:46+00:00;35,7;35,71;35,7;400;1730381506246;sell;400,0
2024-10-31 13:31:49+00:00;35,7;35,71;35,71;100;1730381509147;buy;100,0
2024-10-31 13:31:50+00:00;35,7;35,71;35,7;100;1730381510871;sell;100,0
2024-10-31 13:31:52+00:00;35,7;35,71;35,7;100;1730381512055;sell;100,0
2024-10-31 13:31:53+00:00;35,7;35,71;35,7;100;1730381513168;sell;100,0
2024-10-31 13:31:55+00:00;35,7;35,71;35,7;400;1730381515638;sell;400,0
2024-10-31 13:31:57+00:00;35,7;35,71;35,71;6400;1730381517921;buy;6400,0
2024-10-31 13:31:57+00:00;35,7;35,71;35,71;500;1730381517924;buy;500,0
2024-10-31 13:31:57+00:00;35,7;35,71;35,7;100;1730381517942;sell;100,0
2024-10-31 13:31:57+00:00;35,7;35,71;35,71;300;1730381517944;buy;300,0
2024-10-31 13:32:11+00:00;35,71;35,72;35,72;100;1730381531747;buy;100,0
2024-10-31 13:32:14+00:00;35,71;35,72;35,72;100;1730381534574;buy;100,0
2024-10-31 13:32:16+00:00;35,71;35,72;35,72;100;1730381536397;buy;100,0
2024-10-31 13:32:16+00:00;35,71;35,72;35,72;200;1730381536820;buy;200,0
2024-10-31 13:32:18+00:00;35,71;35,72;35,72;100;1730381538047;buy;100,0
2024-10-31 13:32:19+00:00;35,71;35,72;35,72;100;1730381539928;buy;100,0
2024-10-31 13:32:21+00:00;35,71;35,72;35,72;100;1730381541851;buy;100,0
2024-10-31 13:32:23+00:00;35,71;35,72;35,72;100;1730381543882;buy;100,0
2024-10-31 13:32:27+00:00;35,71;35,72;35,71;100;1730381547596;sell;100,0
2024-10-31 13:32:29+00:00;35,71;35,72;35,71;100;1730381549373;sell;100,0
2024-10-31 13:32:37+00:00;35,71;35,72;35,72;200;1730381557935;buy;200,0
2024-10-31 13:32:38+00:00;35,71;35,72;35,71;100;1730381558750;sell;100,0
2024-10-31 13:32:39+00:00;35,71;35,72;35,71;100;1730381559707;sell;100,0
2024-10-31 13:32:39+00:00;35,71;35,72;35,72;100;1730381559759;buy;100,0
2024-10-31 13:32:43+00:00;35,71;35,72;35,72;100;1730381563564;buy;100,0
2024-10-31 13:32:45+00:00;35,71;35,72;35,72;200;1730381565918;buy;200,0
2024-10-31 13:32:49+00:00;35,71;35,72;35,72;100;1730381569951;buy;100,0
2024-10-31 13:32:49+00:00;35,71;35,72;35,71;100;1730381569953;sell;100,0
2024-10-31 13:32:50+00:00;35,71;35,72;35,71;100;1730381570047;sell;100,0
2024-10-31 13:32:53+00:00;35,71;35,72;35,72;100;1730381573541;buy;100,0
2024-10-31 13:32:54+00:00;35,71;35,72;35,72;100;1730381574242;buy;100,0
2024-10-31 13:32:55+00:00;35,71;35,72;35,71;400;1730381575071;sell;400,0
2024-10-31 13:32:59+00:00;35,71;35,72;35,71;200;1730381579629;sell;200,0
2024-10-31 13:32:59+00:00;35,71;35,72;35,71;200;1730381579629;sell;200,0
2024-10-31 13:33:00+00:00;35,71;35,72;35,71;100;1730381580009;sell;100,0
2024-10-31 13:33:00+00:00;35,71;35,72;35,72;200;1730381580015;buy;200,0
2024-10-31 13:33:00+00:00;35,71;35,72;35,71;200;1730381580016;sell;200,0
2024-10-31 13:33:00+00:00;35,71;35,72;35,71;100;1730381580100;sell;100,0
2024-10-31 13:33:00+00:00;35,71;35,72;35,71;100;1730381580102;sell;100,0
2024-10-31 13:33:01+00:00;35,71;35,72;35,72;100;1730381581397;buy;100,0
2024-10-31 13:33:08+00:00;35,71;35,72;35,71;400;1730381588976;sell;400,0
2024-10-31 13:33:10+00:00;35,71;35,72;35,71;100;1730381590852;sell;100,0
2024-10-31 13:33:11+00:00;35,71;35,72;35,72;100;1730381591326;buy;100,0
2024-10-31 13:33:12+00:00;35,71;35,72;35,71;100;1730381592485;sell;100,0
2024-10-31 13:33:14+00:00;35,71;35,72;35,71;400;1730381594909;sell;400,0
2024-10-31 13:33:17+00:00;35,71;35,72;35,71;200;1730381597529;sell;200,0
2024-10-31 13:33:19+00:00;35,71;35,72;35,71;200;1730381599691;sell;200,0
2024-10-31 13:33:20+00:00;35,7;35,72;35,7;100;1730381600565;sell;100,0
2024-10-31 13:33:23+00:00;35,7;35,72;35,7;100;1730381603461;sell;100,0
2024-10-31 13:33:23+00:00;35,7;35,72;35,7;100;1730381603815;sell;100,0
2024-10-31 13:33:24+00:00;35,7;35,71;35,7;400;1730381604719;sell;400,0
2024-10-31 13:33:29+00:00;35,7;35,71;35,7;400;1730381609339;sell;400,0
2024-10-31 13:33:29+00:00;35,7;35,71;35,7;100;1730381609816;sell;100,0
2024-10-31 13:33:31+00:00;35,7;35,71;35,71;1000;1730381611228;buy;1000,0
2024-10-31 13:33:31+00:00;35,7;35,71;35,71;100;1730381611746;buy;100,0
2024-10-31 13:33:33+00:00;35,7;35,71;35,7;300;1730381613159;sell;300,0
2024-10-31 13:33:33+00:00;35,7;35,71;35,7;700;1730381613159;sell;700,0
2024-10-31 13:33:33+00:00;35,7;35,71;35,71;200;1730381613710;buy;200,0
2024-10-31 13:33:35+00:00;35,7;35,71;35,71;300;1730381615713;buy;300,0
2024-10-31 13:33:36+00:00;35,7;35,71;35,71;300;1730381616926;buy;300,0
2024-10-31 13:33:38+00:00;35,7;35,71;35,71;300;1730381618058;buy;300,0
2024-10-31 13:33:39+00:00;35,7;35,71;35,71;300;1730381619214;buy;300,0
2024-10-31 13:33:40+00:00;35,7;35,71;35,7;100;1730381620106;sell;100,0
2024-10-31 13:33:40+00:00;35,7;35,71;35,71;100;1730381620118;buy;100,0
2024-10-31 13:33:40+00:00;35,7;35,71;35,7;100;1730381620609;sell;100,0
2024-10-31 13:33:40+00:00;35,7;35,71;35,71;300;1730381620661;buy;300,0
2024-10-31 13:33:41+00:00;35,7;35,71;35,7;100;1730381621986;sell;100,0
2024-10-31 13:33:45+00:00;35,7;35,71;35,71;300;1730381625933;buy;300,0
2024-10-31 13:33:48+00:00;35,7;35,71;35,71;3700;1730381628473;buy;3700,0
2024-10-31 13:33:48+00:00;35,7;35,71;35,71;200;1730381628480;buy;200,0
2024-10-31 13:33:49+00:00;35,71;35,72;35,72;100;1730381629013;buy;100,0
2024-10-31 13:34:02+00:00;35,71;35,72;35,72;1000;1730381642398;buy;1000,0
2024-10-31 13:34:03+00:00;35,71;35,72;35,72;1100;1730381643764;buy;1100,0
2024-10-31 13:34:03+00:00;35,71;35,72;35,72;300;1730381643764;buy;300,0
2024-10-31 13:34:03+00:00;35,71;35,72;35,72;700;1730381643774;buy;700,0
2024-10-31 13:34:03+00:00;35,71;35,72;35,72;400;1730381643774;buy;400,0
2024-10-31 13:34:03+00:00;35,71;35,72;35,72;300;1730381643786;buy;300,0
2024-10-31 13:34:09+00:00;35,71;35,73;35,73;100;1730381649041;buy;100,0
2024-10-31 13:34:14+00:00;35,71;35,72;35,71;500;1730381654717;sell;500,0
2024-10-31 13:34:20+00:00;35,71;35,72;35,71;100;1730381660230;sell;100,0
2024-10-31 13:34:27+00:00;35,71;35,72;35,72;300;1730381667743;buy;300,0
2024-10-31 13:34:28+00:00;35,71;35,72;35,72;200;1730381668481;buy;200,0
2024-10-31 13:34:31+00:00;35,71;35,72;35,71;100;1730381671341;sell;100,0
2024-10-31 13:34:42+00:00;35,71;35,72;35,71;100;1730381682473;sell;100,0
2024-10-31 13:34:51+00:00;35,71;35,72;35,71;100;1730381691399;sell;100,0
2024-10-31 13:34:52+00:00;35,71;35,72;35,71;100;1730381692898;sell;100,0
2024-10-31 13:34:54+00:00;35,71;35,72;35,72;100;1730381694506;buy;100,0
2024-10-31 13:35:02+00:00;35,71;35,72;35,71;100;1730381702440;sell;100,0
2024-10-31 13:35:02+00:00;35,71;35,72;35,72;500;1730381702586;buy;500,0
2024-10-31 13:35:03+00:00;35,71;35,72;35,72;500;1730381703948;buy;500,0
2024-10-31 13:35:05+00:00;35,71;35,72;35,72;100;1730381705006;buy;100,0
2024-10-31 13:35:05+00:00;35,71;35,72;35,71;100;1730381705009;sell;100,0
2024-10-31 13:35:05+00:00;35,71;35,72;35,72;500;1730381705173;buy;500,0
2024-10-31 13:35:05+00:00;35,71;35,72;35,72;100;1730381705946;buy;100,0
2024-10-31 13:35:06+00:00;35,71;35,72;35,72;500;1730381706247;buy;500,0
2024-10-31 13:35:09+00:00;35,71;35,72;35,72;200;1730381709470;buy;200,0
2024-10-31 13:35:10+00:00;35,71;35,72;35,71;100;1730381710754;sell;100,0
2024-10-31 13:35:10+00:00;35,71;35,72;35,72;100;1730381710906;buy;100,0
2024-10-31 13:35:11+00:00;35,71;35,72;35,72;200;1730381711201;buy;200,0
2024-10-31 13:35:12+00:00;35,71;35,72;35,72;100;1730381712745;buy;100,0
2024-10-31 13:35:13+00:00;35,71;35,72;35,72;100;1730381713327;buy;100,0
2024-10-31 13:35:15+00:00;35,71;35,72;35,71;100;1730381715868;sell;100,0
2024-10-31 13:35:16+00:00;35,71;35,72;35,71;100;1730381716523;sell;100,0
2024-10-31 13:35:18+00:00;35,71;35,72;35,71;600;1730381718061;sell;600,0
2024-10-31 13:35:18+00:00;35,71;35,72;35,71;300;1730381718061;sell;300,0
2024-10-31 13:35:18+00:00;35,71;35,72;35,7;2200;1730381718061;sell;2200,0
2024-10-31 13:35:18+00:00;35,71;35,72;35,7;100;1730381718138;sell;100,0
2024-10-31 13:35:18+00:00;35,7;35,71;35,7;100;1730381718964;sell;100,0
2024-10-31 13:35:25+00:00;35,7;35,71;35,7;400;1730381725114;sell;400,0
2024-10-31 13:35:26+00:00;35,7;35,71;35,7;100;1730381726976;sell;100,0
2024-10-31 13:35:27+00:00;35,7;35,71;35,71;100;1730381727216;buy;100,0
2024-10-31 13:35:27+00:00;35,7;35,71;35,71;300;1730381727620;buy;300,0
2024-10-31 13:35:31+00:00;35,7;35,71;35,7;400;1730381731557;sell;400,0
2024-10-31 13:35:31+00:00;35,7;35,71;35,7;100;1730381731997;sell;100,0
2024-10-31 13:35:35+00:00;35,7;35,71;35,71;200;1730381735907;buy;200,0
2024-10-31 13:35:37+00:00;35,7;35,71;35,7;200;1730381737612;sell;200,0
2024-10-31 13:35:38+00:00;35,7;35,71;35,7;400;1730381738145;sell;400,0
2024-10-31 13:35:38+00:00;35,7;35,71;35,7;100;1730381738462;sell;100,0
2024-10-31 13:35:41+00:00;35,7;35,71;35,71;100;1730381741843;buy;100,0
2024-10-31 13:35:48+00:00;35,7;35,71;35,7;400;1730381748525;sell;400,0
2024-10-31 13:35:49+00:00;35,7;35,71;35,7;100;1730381749127;sell;100,0
2024-10-31 13:35:50+00:00;35,7;35,71;35,7;100;1730381750763;sell;100,0
2024-10-31 13:35:54+00:00;35,7;35,71;35,7;400;1730381754631;sell;400,0
2024-10-31 13:35:58+00:00;35,7;35,71;35,7;100;1730381758925;sell;100,0
2024-10-31 13:36:00+00:00;35,7;35,71;35,71;100;1730381760251;buy;100,0
2024-10-31 13:36:00+00:00;35,7;35,71;35,7;100;1730381760251;sell;100,0
2024-10-31 13:36:00+00:00;35,7;35,71;35,7;200;1730381760251;sell;200,0
2024-10-31 13:36:00+00:00;35,7;35,71;35,71;100;1730381760251;buy;100,0
2024-10-31 13:36:01+00:00;35,7;35,71;35,7;100;1730381761039;sell;100,0
2024-10-31 13:36:02+00:00;35,7;35,71;35,71;100;1730381762130;buy;100,0
2024-10-31 13:36:03+00:00;35,7;35,71;35,7;400;1730381763955;sell;400,0
2024-10-31 13:36:03+00:00;35,7;35,71;35,7;4000;1730381763955;sell;4000,0
2024-10-31 13:36:03+00:00;35,7;35,71;35,7;2200;1730381763957;sell;2200,0
2024-10-31 13:36:04+00:00;35,7;35,71;35,7;1900;1730381764077;sell;1900,0
2024-10-31 13:36:04+00:00;35,7;35,71;35,7;400;1730381764077;sell;400,0
2024-10-31 13:36:04+00:00;35,7;35,71;35,7;100;1730381764092;sell;100,0
2024-10-31 13:36:09+00:00;35,69;35,7;35,69;400;1730381769028;sell;400,0
2024-10-31 13:36:11+00:00;35,69;35,7;35,69;100;1730381771567;sell;100,0
2024-10-31 13:36:17+00:00;35,69;35,7;35,7;100;1730381777228;buy;100,0
2024-10-31 13:36:18+00:00;35,69;35,7;35,69;100;1730381778543;sell;100,0
2024-10-31 13:36:19+00:00;35,69;35,7;35,69;400;1730381779166;sell;400,0
2024-10-31 13:36:22+00:00;35,69;35,7;35,69;100;1730381782717;sell;100,0
2024-10-31 13:36:22+00:00;35,69;35,7;35,69;200;1730381782726;sell;200,0
2024-10-31 13:36:23+00:00;35,68;35,7;35,7;300;1730381783494;buy;300,0
2024-10-31 13:36:26+00:00;35,68;35,7;35,7;5200;1730381786266;buy;5200,0
2024-10-31 13:36:26+00:00;35,68;35,7;35,7;300;1730381786281;buy;300,0
2024-10-31 13:36:26+00:00;35,68;35,7;35,71;1100;1730381786291;buy;1100,0
2024-10-31 13:36:26+00:00;35,68;35,7;35,71;1300;1730381786300;buy;1300,0
2024-10-31 13:36:26+00:00;35,68;35,7;35,71;1300;1730381786304;buy;1300,0
2024-10-31 13:36:30+00:00;35,7;35,71;35,71;100;1730381790450;buy;100,0
2024-10-31 13:36:32+00:00;35,7;35,72;35,72;500;1730381792389;buy;500,0
2024-10-31 13:36:40+00:00;35,7;35,72;35,72;100;1730381800998;buy;100,0
2024-10-31 13:36:44+00:00;35,7;35,72;35,72;500;1730381804715;buy;500,0
2024-10-31 13:36:56+00:00;35,7;35,71;35,7;100;1730381816103;sell;100,0
2024-10-31 13:36:58+00:00;35,7;35,71;35,71;100;1730381818744;buy;100,0
2024-10-31 13:37:00+00:00;35,7;35,71;35,7;100;1730381820619;sell;100,0
2024-10-31 13:37:03+00:00;35,7;35,71;35,7;1400;1730381823090;sell;1400,0
2024-10-31 13:37:03+00:00;35,7;35,71;35,7;200;1730381823090;sell;200,0
2024-10-31 13:37:04+00:00;35,69;35,7;35,7;500;1730381824638;buy;500,0
2024-10-31 13:37:05+00:00;35,69;35,7;35,7;100;1730381825414;buy;100,0
2024-10-31 13:37:10+00:00;35,69;35,7;35,69;100;1730381830496;sell;100,0
2024-10-31 13:37:10+00:00;35,69;35,7;35,7;100;1730381830890;buy;100,0
2024-10-31 13:37:13+00:00;35,69;35,7;35,7;100;1730381833691;buy;100,0
2024-10-31 13:37:15+00:00;35,69;35,7;35,69;1000;1730381835056;sell;1000,0
2024-10-31 13:37:29+00:00;35,69;35,7;35,69;100;1730381849432;sell;100,0
2024-10-31 13:37:31+00:00;35,69;35,7;35,69;100;1730381851629;sell;100,0
2024-10-31 13:37:32+00:00;35,69;35,7;35,7;100;1730381852509;buy;100,0
2024-10-31 13:37:33+00:00;35,69;35,7;35,69;400;1730381853175;sell;400,0
2024-10-31 13:37:34+00:00;35,69;35,7;35,7;100;1730381854110;buy;100,0
2024-10-31 13:37:34+00:00;35,69;35,7;35,7;100;1730381854127;buy;100,0
